{"winner":"foultestacceptor1","seed":"sodium,76865319b6193d7508ee1ac8d6ca1d30","turns":20,"p1":"foultestchallenge1","p2":"foultestacceptor1","p1team":[{"name":"Salamence","species":"Salamence","item":"Choice Band","ability":"Intimidate","moves":["Earthquake","Hidden Power Flying","Brick Break","Rock Slide"],"nature":"Adamant","evs":{"hp":120,"atk":252,"def":0,"spa":0,"spd":0,"spe":136},"gender":"M","ivs":{"hp":30,"atk":30,"def":30,"spa":30,"spd":30,"spe":31},"happiness":255,"hpType":"Flying","pokeball":"","gigantamax":false,"dynamaxLevel":10,"teraType":"","level":100},{"name":"Magneton","species":"Magneton","item":"Magnet","ability":"Magnet Pull","moves":["Thunderbolt","Toxic","Hidden Power Fire","Protect"],"nature":"Modest","evs":{"hp":4,"atk":0,"def":0,"spa":252,"spd":0,"spe":252},"gender":"N","ivs":{"hp":31,"atk":2,"def":31,"spa":30,"spd":31,"spe":30},"happiness":255,"hpType":"Fire","pokeball":"","gigantamax":false,"dynamaxLevel":10,"teraType":"","level":100},{"name":"Tyranitar","species":"Tyranitar","item":"Leftovers","ability":"Sand Stream","moves":["Crunch","Pursuit","Hidden Power Grass","Fire Blast"],"nature":"Modest","evs":{"hp":240,"atk":0,"def":0,"spa":188,"spd":48,"spe":32},"gender":"M","ivs":{"hp":31,"atk":2,"def":31,"spa":30,"spd":31,"spe":31},"happiness":255,"hpType":"Grass","pokeball":"","gigantamax":false,"dynamaxLevel":10,"teraType":"","level":100},{"name":"Blissey","species":"Blissey","item":"Leftovers","ability":"Natural Cure","moves":["Seismic Toss","Wish","Protect","Toxic"],"nature":"","evs":{"hp":4,"atk":0,"def":252,"spa":0,"spd":252,"spe":0},"gender":"F","ivs":{"hp":31,"atk":0,"def":31,"spa":31,"spd":31,"spe":31},"level":100},{"name":"Metagross","species":"Metagross","item":"Leftovers","ability":"Clear Body","moves":["Agility","Meteor Mash","Earthquake","Explosion"],"nature":"Adamant","evs":{"hp":168,"atk":252,"def":0,"spa":0,"spd":0,"spe":88},"gender":"N","level":100,"ivs":{"hp":31,"atk":31,"def":31,"spa":31,"spd":31,"spe":31}},{"name":"Swampert","species":"Swampert","item":"Leftovers","ability":"Torrent","moves":["Surf","Ice Beam","Protect","Toxic"],"nature":"Bold","evs":{"hp":252,"atk":0,"def":160,"spa":0,"spd":96,"spe":0},"gender":"F","ivs":{"hp":31,"atk":0,"def":31,"spa":31,"spd":31,"spe":31},"level":100}],"p2team":[{"name":"Skarmory","species":"Skarmory","item":"Leftovers","ability":"Keen Eye","moves":["Spikes","Protect","Roar","Toxic"],"nature":"Careful","evs":{"hp":252,"atk":0,"def":8,"spa":0,"spd":248,"spe":0},"gender":"F","ivs":{"hp":31,"atk":0,"def":31,"spa":31,"spd":31,"spe":31},"level":100},{"name":"Blissey","species":"Blissey","item":"Leftovers","ability":"Natural Cure","moves":["Soft-Boiled","Ice Beam","Toxic","Fire Blast"],"nature":"Modest","evs":{"hp":0,"atk":0,"def":252,"spa":252,"spd":0,"spe":4},"gender":"F","ivs":{"hp":31,"atk":0,"def":31,"spa":31,"spd":31,"spe":31},"shiny":true,"level":100},{"name":"Tyranitar","species":"Tyranitar","item":"Leftovers","ability":"Sand Stream","moves":["Focus Punch","Rock Slide","Hidden Power Bug","Earthquake"],"nature":"Adamant","evs":{"hp":248,"atk":196,"def":12,"spa":0,"spd":52,"spe":0},"gender":"F","ivs":{"hp":31,"atk":30,"def":30,"spa":31,"spd":30,"spe":31},"happiness":255,"hpType":"Bug","pokeball":"","gigantamax":false,"dynamaxLevel":10,"teraType":"","level":100},{"name":"Swampert","species":"Swampert","item":"Leftovers","ability":"Torrent","moves":["Earthquake","Ice Beam","Hydro Pump","Protect"],"nature":"Relaxed","evs":{"hp":240,"atk":0,"def":136,"spa":40,"spd":48,"spe":44},"gender":"F","level":100,"ivs":{"hp":31,"atk":31,"def":31,"spa":31,"spd":31,"spe":31}},{"name":"Gengar","species":"Gengar","item":"Leftovers","ability":"Levitate","moves":["Will-O-Wisp","Thunderbolt","Ice Punch","Explosion"],"nature":"Timid","evs":{"hp":168,"atk":0,"def":0,"spa":0,"spd":164,"spe":176},"gender":"F","level":100,"ivs":{"hp":31,"atk":31,"def":31,"spa":31,"spd":31,"spe":31}},{"name":"Starmie","species":"Starmie","item":"Leftovers","ability":"Natural Cure","moves":["Hydro Pump","Ice Beam","Thunderbolt","Rapid Spin"],"nature":"Timid","evs":{"hp":4,"atk":0,"def":0,"spa":252,"spd":0,"spe":252},"gender":"N","ivs":{"hp":31,"atk":0,"def":31,"spa":31,"spd":31,"spe":31},"level":100}],"score":[0,2],"inputLog":[">version 372d05e49c92a79eecdf6c8dddb208bd1765c00f",">start {\"formatid\":\"gen3ou\",\"seed\":\"sodium,76865319b6193d7508ee1ac8d6ca1d30\"}",">player p1 {\"name\":\"foultestchallenge1\",\"avatar\":\"169\",\"team\":\"Salamence||ChoiceBand|Intimidate|Earthquake,HiddenPowerFlying,BrickBreak,RockSlide|Adamant|120,252,,,,136|M|30,30,30,30,30,|||,Flying,,,,]Magneton||Magnet|MagnetPull|Thunderbolt,Toxic,HiddenPowerFire,Protect|Modest|4,,,252,,252|N|,2,,30,,30|||,Fire,,,,]Tyranitar||Leftovers|SandStream|Crunch,Pursuit,HiddenPowerGrass,FireBlast|Modest|240,,,188,48,32|M|,2,,30,,|||,Grass,,,,]Blissey||Leftovers|NaturalCure|SeismicToss,Wish,Protect,Toxic||4,,252,,252,|F|,0,,,,|||]Metagross||Leftovers|ClearBody|Agility,MeteorMash,Earthquake,Explosion|Adamant|168,252,,,,88|N||||]Swampert||Leftovers|Torrent|Surf,IceBeam,Protect,Toxic|Bold|252,,160,,96,|F|,0,,,,|||\",\"rating\":0}",">player p2 {\"name\":\"foultestacceptor1\",\"avatar\":\"102\",\"team\":\"Skarmory||Leftovers|KeenEye|Spikes,Protect,Roar,Toxic|Careful|252,,8,,248,|F|,0,,,,|||]Blissey||Leftovers|NaturalCure|SoftBoiled,IceBeam,Toxic,FireBlast|Modest|,,252,252,,4|F|,0,,,,|S||]Tyranitar||Leftovers|SandStream|FocusPunch,RockSlide,HiddenPowerBug,Earthquake|Adamant|248,196,12,,52,|F|,30,30,,30,|||,Bug,,,,]Swampert||Leftovers|Torrent|Earthquake,IceBeam,HydroPump,Protect|Relaxed|240,,136,40,48,44|F||||]Gengar||Leftovers|Levitate|WillOWisp,Thunderbolt,IcePunch,Explosion|Timid|168,,,,164,176|F||||]Starmie||Leftovers|NaturalCure|HydroPump,IceBeam,Thunderbolt,RapidSpin|Timid|4,,,252,,252|N|,0,,,,|||\",\"rating\":0}",">p1 switch 2",">p2 move spikes",">p1 move thunderbolt",">p2 move spikes",">p2 switch 3",">p1 switch 6",">p2 move earthquake",">p1 move surf",">p2 switch 4",">p1 move toxic",">p2 move earthquake",">p1 move surf",">p2 move hydropump",">p1 switch 3",">p1 move hiddenpower",">p2 move hydropump",">p2 switch 6",">p1 move crunch",">p2 move hydropump",">p1 switch 4",">p1 move seismictoss",">p2 switch 4",">p1 switch 2",">p2 move rockslide",">p1 switch 5",">p1 move meteormash",">p2 switch 4",">p1 move agility",">p2 move hydropump",">p1 move meteormash",">p2 switch 5",">p2 switch 2",">p1 move earthquake",">p2 move fireblast",">p1 move meteormash",">p2 move fireblast",">p2 switch 5",">p1 move earthquake",">p2 move thunderbolt",">p1 switch 2",">p1 move wish",">p2 switch 4",">p1 move toxic",">p2 move focuspunch",">p1 switch 6",">p1 move protect",">p2 move earthquake",">p1 move thunderbolt",">p2 move earthquake"],"log":["|j|☆foultestchallenge1","|j|☆foultestacceptor1","|t:|1753077034","|gametype|singles","|player|p1|foultestchallenge1|169|","|player|p2|foultestacceptor1|102|","|teamsize|p1|6","|teamsize|p2|6","|gen|3","|tier|[Gen 3] OU","|rule|Sleep Clause Mod: Limit one foe put to sleep","|rule|Switch Priority Clause Mod: Faster Pokémon switch first","|rule|Species Clause: Limit one of each Pokémon","|rule|OHKO Clause: OHKO moves are banned","|rule|Evasion Items Clause: Evasion items are banned","|rule|Evasion Moves Clause: Evasion moves are banned","|rule|Endless Battle Clause: Forcing endless battles is banned","|rule|HP Percentage Mod: HP is shown in percentages","|rule|One Boost Passer Clause: Limit one Baton Passer that has a way to boost its stats","|rule|Freeze Clause Mod: Limit one foe frozen","|","|t:|1753077034","|start","|switch|p1a: Salamence|Salamence, M|360/360","|switch|p2a: Skarmory|Skarmory, F|334/334","|-ability|p1a: Salamence|Intimidate|boost","|-unboost|p2a: Skarmory|atk|1","|turn|1","|inactive|Battle timer is ON: inactive players will automatically lose when time's up. (requested by foultestacceptor1)","|inactive|foultestchallenge1 also wants the timer to be on.","|","|t:|1753077043","|switch|p1a: Magneton|Magneton|242/242","|move|p2a: Skarmory|Spikes|p1a: Magneton","|-sidestart|p1: foultestchallenge1|Spikes","|","|upkeep","|turn|2","||adding 10 for new turn","|","|t:|1753077051","|move|p1a: Magneton|Thunderbolt|p2a: Skarmory","|-supereffective|p2a: Skarmory","|-crit|p2a: Skarmory","|-damage|p2a: Skarmory|0 fnt","|faint|p2a: Skarmory","||adding 5 to each for mid turn request","|","|t:|1753077059","|switch|p2a: Tyranitar|Tyranitar, F|403/403","|-weather|Sandstorm|[from] ability: Sand Stream|[of] p2a: Tyranitar","|","|-weather|Sandstorm|[upkeep]","|upkeep","|turn|3","||adding 10 for new turn","|","|t:|1753077067","|switch|p1a: Swampert|Swampert, F|404/404","|-damage|p1a: Swampert|354/404|[from] Spikes","|move|p2a: Tyranitar|Earthquake|p1a: Swampert","|-damage|p1a: Swampert|245/404","|","|-weather|Sandstorm|[upkeep]","|-heal|p1a: Swampert|270/404|[from] item: Leftovers","|upkeep","|turn|4","||adding 10 for new turn","|","|t:|1753077075","|switch|p2a: Swampert|Swampert, F|401/401","|move|p1a: Swampert|Surf|p2a: Swampert","|-damage|p2a: Swampert|298/401","|","|-weather|Sandstorm|[upkeep]","|-heal|p1a: Swampert|295/404|[from] item: Leftovers","|-heal|p2a: Swampert|323/401|[from] item: Leftovers","|upkeep","|turn|5","||adding 10 for new turn","|","|t:|1753077083","|move|p1a: Swampert|Toxic|p2a: Swampert","|-status|p2a: Swampert|tox","|move|p2a: Swampert|Earthquake|p1a: Swampert","|-crit|p1a: Swampert","|-damage|p1a: Swampert|97/404","|","|-weather|Sandstorm|[upkeep]","|-heal|p1a: Swampert|122/404|[from] item: Leftovers","|-heal|p2a: Swampert|348/401 tox|[from] item: Leftovers","|-damage|p2a: Swampert|323/401 tox|[from] psn","|upkeep","|turn|6","||adding 10 for new turn","|","|t:|1753077091","|move|p1a: Swampert|Surf|p2a: Swampert","|-damage|p2a: Swampert|178/401 tox","|move|p2a: Swampert|Hydro Pump|p1a: Swampert","|-damage|p1a: Swampert|0 fnt","|faint|p1a: Swampert","||adding 5 to each for mid turn request","|","|t:|1753077099","|switch|p1a: Tyranitar|Tyranitar, M|401/401","|-damage|p1a: Tyranitar|351/401|[from] Spikes","|","|-weather|Sandstorm|[upkeep]","|-heal|p1a: Tyranitar|376/401|[from] item: Leftovers","|-heal|p2a: Swampert|203/401 tox|[from] item: Leftovers","|-damage|p2a: Swampert|153/401 tox|[from] psn","|upkeep","|turn|7","||adding 10 for new turn","|","|t:|1753077107","|move|p1a: Tyranitar|Hidden Power|p2a: Swampert","|-supereffective|p2a: Swampert","|-damage|p2a: Swampert|0 fnt","|faint|p2a: Swampert","||adding 5 to each for mid turn request","|","|t:|1753077115","|switch|p2a: Starmie|Starmie|262/262","|","|-weather|Sandstorm|[upkeep]","|-damage|p2a: Starmie|246/262|[from] Sandstorm","|-heal|p2a: Starmie|262/262|[from] item: Leftovers","|-heal|p1a: Tyranitar|401/401|[from] item: Leftovers","|upkeep","|turn|8","||adding 10 for new turn","|","|t:|1753077122","|move|p2a: Starmie|Hydro Pump|p1a: Tyranitar","|-supereffective|p1a: Tyranitar","|-crit|p1a: Tyranitar","|-damage|p1a: Tyranitar|0 fnt","|faint|p1a: Tyranitar","||adding 5 to each for mid turn request","|","|t:|1753077130","|switch|p1a: Blissey|Blissey, F|652/652","|-damage|p1a: Blissey|571/652|[from] Spikes","|","|-weather|Sandstorm|[upkeep]","|-damage|p2a: Starmie|246/262|[from] Sandstorm","|-damage|p1a: Blissey|531/652|[from] Sandstorm","|-heal|p2a: Starmie|262/262|[from] item: Leftovers","|-heal|p1a: Blissey|571/652|[from] item: Leftovers","|upkeep","|turn|9","||adding 10 for new turn","|","|t:|1753077138","|switch|p2a: Tyranitar|Tyranitar, F|403/403","|move|p1a: Blissey|Seismic Toss|p2a: Tyranitar","|-damage|p2a: Tyranitar|303/403","|","|-weather|Sandstorm|[upkeep]","|-damage|p1a: Blissey|531/652|[from] Sandstorm","|-heal|p2a: Tyranitar|328/403|[from] item: Leftovers","|-heal|p1a: Blissey|571/652|[from] item: Leftovers","|upkeep","|turn|10","||adding 10 for new turn","|","|t:|1753077146","|switch|p1a: Salamence|Salamence, M|360/360","|-ability|p1a: Salamence|Intimidate|boost","|-unboost|p2a: Tyranitar|atk|1","|move|p2a: Tyranitar|Rock Slide|p1a: Salamence","|-supereffective|p1a: Salamence","|-crit|p1a: Salamence","|-damage|p1a: Salamence|0 fnt","|faint|p1a: Salamence","||adding 5 to each for mid turn request","|","|t:|1753077154","|switch|p1a: Metagross|Metagross|343/343","|-damage|p1a: Metagross|301/343|[from] Spikes","|","|-weather|Sandstorm|[upkeep]","|-heal|p1a: Metagross|322/343|[from] item: Leftovers","|-heal|p2a: Tyranitar|353/403|[from] item: Leftovers","|upkeep","|turn|11","||adding 10 for new turn","|","|t:|1753077162","|switch|p2a: Starmie|Starmie|262/262","|move|p1a: Metagross|Meteor Mash|p2a: Starmie","|-resisted|p2a: Starmie","|-damage|p2a: Starmie|140/262","|-boost|p1a: Metagross|atk|1","|","|-weather|Sandstorm|[upkeep]","|-damage|p2a: Starmie|124/262|[from] Sandstorm","|-heal|p2a: Starmie|140/262|[from] item: Leftovers","|-heal|p1a: Metagross|343/343|[from] item: Leftovers","|upkeep","|turn|12","||adding 10 for new turn","|","|t:|1753077170","|move|p2a: Starmie|Hydro Pump|p1a: Metagross|[miss]","|-miss|p2a: Starmie|p1a: Metagross","|move|p1a: Metagross|Agility|p1a: Metagross","|-boost|p1a: Metagross|spe|2","|","|-weather|Sandstorm|[upkeep]","|-damage|p2a: Starmie|124/262|[from] Sandstorm","|-heal|p2a: Starmie|140/262|[from] item: Leftovers","|upkeep","|turn|13","||adding 10 for new turn","|","|t:|1753077178","|switch|p2a: Gengar|Gengar, F|303/303","|move|p1a: Metagross|Meteor Mash|p2a: Gengar","|-damage|p2a: Gengar|0 fnt","|faint|p2a: Gengar","||adding 5 to each for mid turn request","|","|t:|1753077185","|switch|p2a: Blissey|Blissey, F, shiny|651/651","|","|-weather|Sandstorm|[upkeep]","|-damage|p2a: Blissey|611/651|[from] Sandstorm","|-heal|p2a: Blissey|651/651|[from] item: Leftovers","|upkeep","|turn|14","||adding 10 for new turn","|","|t:|1753077193","|move|p1a: Metagross|Earthquake|p2a: Blissey","|-damage|p2a: Blissey|243/651","|move|p2a: Blissey|Fire Blast|p1a: Metagross","|-supereffective|p1a: Metagross","|-damage|p1a: Metagross|119/343","|-status|p1a: Metagross|brn","|","|-weather|Sandstorm|[upkeep]","|-damage|p2a: Blissey|203/651|[from] Sandstorm","|-heal|p1a: Metagross|140/343 brn|[from] item: Leftovers","|-damage|p1a: Metagross|98/343 brn|[from] brn","|-heal|p2a: Blissey|243/651|[from] item: Leftovers","|upkeep","|turn|15","||adding 10 for new turn","|","|t:|1753077201","|move|p1a: Metagross|Meteor Mash|p2a: Blissey","|-damage|p2a: Blissey|0 fnt","|faint|p2a: Blissey","||adding 5 to each for mid turn request","|","|t:|1753077206","|switch|p2a: Starmie|Starmie|140/262","|","|-weather|Sandstorm|[upkeep]","|-damage|p2a: Starmie|124/262|[from] Sandstorm","|-heal|p1a: Metagross|119/343 brn|[from] item: Leftovers","|-damage|p1a: Metagross|77/343 brn|[from] brn","|-heal|p2a: Starmie|140/262|[from] item: Leftovers","|upkeep","|turn|16","||adding 10 for new turn","|","|t:|1753077213","|move|p1a: Metagross|Earthquake|p2a: Starmie","|-damage|p2a: Starmie|29/262","|move|p2a: Starmie|Thunderbolt|p1a: Metagross","|-damage|p1a: Metagross|0 fnt","|faint|p1a: Metagross","||adding 5 to each for mid turn request","|","|t:|1753077221","|switch|p1a: Blissey|Blissey, F|571/652","|-damage|p1a: Blissey|490/652|[from] Spikes","|","|-weather|Sandstorm|[upkeep]","|-damage|p2a: Starmie|13/262|[from] Sandstorm","|-damage|p1a: Blissey|450/652|[from] Sandstorm","|-heal|p2a: Starmie|29/262|[from] item: Leftovers","|-heal|p1a: Blissey|490/652|[from] item: Leftovers","|upkeep","|turn|17","||adding 10 for new turn","|","|t:|1753077228","|switch|p2a: Tyranitar|Tyranitar, F|353/403","|move|p1a: Blissey|Wish|p1a: Blissey","|","|-weather|Sandstorm|[upkeep]","|-damage|p1a: Blissey|450/652|[from] Sandstorm","|-heal|p2a: Tyranitar|378/403|[from] item: Leftovers","|-heal|p1a: Blissey|490/652|[from] item: Leftovers","|upkeep","|turn|18","||adding 10 for new turn","|","|t:|1753077236","|-singleturn|p2a: Tyranitar|move: Focus Punch","|move|p1a: Blissey|Toxic|p2a: Tyranitar","|-status|p2a: Tyranitar|tox","|move|p2a: Tyranitar|Focus Punch|p1a: Blissey","|-supereffective|p1a: Blissey","|-damage|p1a: Blissey|0 fnt","|faint|p1a: Blissey","||adding 5 to each for mid turn request","|","|t:|1753077240","|switch|p1a: Magneton|Magneton|242/242","|-damage|p1a: Magneton|212/242|[from] Spikes","|","|-heal|p1a: Magneton|242/242|[from] move: Wish|[wisher] Blissey","|-weather|Sandstorm|[upkeep]","|-heal|p2a: Tyranitar|403/403 tox|[from] item: Leftovers","|-damage|p2a: Tyranitar|378/403 tox|[from] psn","|upkeep","|turn|19","||adding 10 for new turn","|","|t:|1753077246","|move|p1a: Magneton|Protect|p1a: Magneton","|-singleturn|p1a: Magneton|Protect","|move|p2a: Tyranitar|Earthquake|p1a: Magneton","|-activate|p1a: Magneton|Protect","|","|-weather|Sandstorm|[upkeep]","|-heal|p2a: Tyranitar|403/403 tox|[from] item: Leftovers","|-damage|p2a: Tyranitar|353/403 tox|[from] psn","|upkeep","|turn|20","||adding 10 for new turn","|","|t:|1753077253","|move|p1a: Magneton|Thunderbolt|p2a: Tyranitar","|-damage|p2a: Tyranitar|176/403 tox","|move|p2a: Tyranitar|Earthquake|p1a: Magneton","|-supereffective|p1a: Magneton","|-crit|p1a: Magneton","|-damage|p1a: Magneton|0 fnt","|faint|p1a: Magneton","|","|win|foultestacceptor1",""],"p1rating":null,"p2rating":null,"endType":"normal","ladderError":true,"timestamp":"Sun Jul 20 2025 22:54:13 GMT-0700 (アメリカ太平洋夏時間)","roomid":"battle-gen3ou-1131","format":"gen3ou"}