{"winner":"foultestacceptor1","seed":"sodium,57646d5384efff14ba4aa21f32a1d60b","turns":18,"p1":"foultestchallenge1","p2":"foultestacceptor1","p1team":[{"name":"Skarmory","species":"Skarmory","item":"Leftovers","ability":"Keen Eye","moves":["Spikes","Roar","Toxic","Protect"],"nature":"Careful","evs":{"hp":252,"atk":0,"def":0,"spa":0,"spd":252,"spe":4},"gender":"M","ivs":{"hp":31,"atk":0,"def":31,"spa":31,"spd":31,"spe":31},"level":100},{"name":"Jolteon","species":"Jolteon","item":"Leftovers","ability":"Volt Absorb","moves":["Thunderbolt","Thunder Wave","Hidden Power Grass","Baton Pass"],"nature":"Timid","evs":{"hp":4,"atk":0,"def":0,"spa":252,"spd":0,"spe":252},"gender":"M","ivs":{"hp":31,"atk":2,"def":31,"spa":30,"spd":31,"spe":31},"happiness":255,"hpType":"Grass","pokeball":"","gigantamax":false,"dynamaxLevel":10,"teraType":"","level":100},{"name":"Tyranitar","species":"Tyranitar","item":"Leftovers","ability":"Sand Stream","moves":["Focus Punch","Earthquake","Hidden Power Bug","Rock Slide"],"nature":"Adamant","evs":{"hp":252,"atk":252,"def":4,"spa":0,"spd":0,"spe":0},"gender":"F","ivs":{"hp":31,"atk":31,"def":31,"spa":31,"spd":30,"spe":30},"happiness":255,"hpType":"Bug","pokeball":"","gigantamax":false,"dynamaxLevel":10,"teraType":"","level":100},{"name":"Gengar","species":"Gengar","item":"Leftovers","ability":"Levitate","moves":["Ice Punch","Fire Punch","Hidden Power Grass","Explosion"],"nature":"Hasty","evs":{"hp":40,"atk":0,"def":0,"spa":252,"spd":0,"spe":216},"gender":"F","ivs":{"hp":31,"atk":30,"def":31,"spa":30,"spd":31,"spe":31},"happiness":255,"hpType":"Grass","pokeball":"","gigantamax":false,"dynamaxLevel":10,"teraType":"","level":100},{"name":"Metagross","species":"Metagross","item":"Choice Band","ability":"Clear Body","moves":["Meteor Mash","Earthquake","Rock Slide","Explosion"],"nature":"Adamant","evs":{"hp":68,"atk":252,"def":0,"spa":0,"spd":0,"spe":188},"gender":"N","level":100,"ivs":{"hp":31,"atk":31,"def":31,"spa":31,"spd":31,"spe":31}},{"name":"Starmie","species":"Starmie","item":"Leftovers","ability":"Natural Cure","moves":["Hydro Pump","Thunderbolt","Ice Beam","Psychic"],"nature":"Timid","evs":{"hp":4,"atk":0,"def":0,"spa":252,"spd":0,"spe":252},"gender":"N","ivs":{"hp":31,"atk":0,"def":31,"spa":31,"spd":31,"spe":31},"level":100}],"p2team":[{"name":"Salamence","species":"Salamence","item":"Choice Band","ability":"Intimidate","moves":["Earthquake","Hidden Power Flying","Brick Break","Rock Slide"],"nature":"Adamant","evs":{"hp":120,"atk":252,"def":0,"spa":0,"spd":0,"spe":136},"gender":"F","ivs":{"hp":30,"atk":30,"def":30,"spa":30,"spd":30,"spe":31},"happiness":255,"hpType":"Flying","pokeball":"","gigantamax":false,"dynamaxLevel":10,"teraType":"","level":100},{"name":"Magneton","species":"Magneton","item":"Magnet","ability":"Magnet Pull","moves":["Thunderbolt","Toxic","Hidden Power Fire","Protect"],"nature":"Modest","evs":{"hp":4,"atk":0,"def":0,"spa":252,"spd":0,"spe":252},"gender":"N","ivs":{"hp":31,"atk":2,"def":31,"spa":30,"spd":31,"spe":30},"happiness":255,"hpType":"Fire","pokeball":"","gigantamax":false,"dynamaxLevel":10,"teraType":"","level":100},{"name":"Tyranitar","species":"Tyranitar","item":"Leftovers","ability":"Sand Stream","moves":["Crunch","Pursuit","Hidden Power Grass","Fire Blast"],"nature":"Modest","evs":{"hp":240,"atk":0,"def":0,"spa":188,"spd":48,"spe":32},"gender":"M","ivs":{"hp":31,"atk":2,"def":31,"spa":30,"spd":31,"spe":31},"happiness":255,"hpType":"Grass","pokeball":"","gigantamax":false,"dynamaxLevel":10,"teraType":"","level":100},{"name":"Blissey","species":"Blissey","item":"Leftovers","ability":"Natural Cure","moves":["Seismic Toss","Wish","Protect","Toxic"],"nature":"","evs":{"hp":4,"atk":0,"def":252,"spa":0,"spd":252,"spe":0},"gender":"F","ivs":{"hp":31,"atk":0,"def":31,"spa":31,"spd":31,"spe":31},"level":100},{"name":"Metagross","species":"Metagross","item":"Leftovers","ability":"Clear Body","moves":["Agility","Meteor Mash","Earthquake","Explosion"],"nature":"Adamant","evs":{"hp":168,"atk":252,"def":0,"spa":0,"spd":0,"spe":88},"gender":"N","level":100,"ivs":{"hp":31,"atk":31,"def":31,"spa":31,"spd":31,"spe":31}},{"name":"Swampert","species":"Swampert","item":"Leftovers","ability":"Torrent","moves":["Surf","Ice Beam","Protect","Toxic"],"nature":"Bold","evs":{"hp":252,"atk":0,"def":160,"spa":0,"spd":96,"spe":0},"gender":"F","ivs":{"hp":31,"atk":0,"def":31,"spa":31,"spd":31,"spe":31},"level":100}],"score":[0,3],"inputLog":[">version 372d05e49c92a79eecdf6c8dddb208bd1765c00f",">start {\"formatid\":\"gen3ou\",\"seed\":\"sodium,57646d5384efff14ba4aa21f32a1d60b\"}",">player p1 {\"name\":\"foultestchallenge1\",\"avatar\":\"169\",\"team\":\"Skarmory||Leftovers|KeenEye|Spikes,Roar,Toxic,Protect|Careful|252,,,,252,4|M|,0,,,,|||]Jolteon||Leftovers|VoltAbsorb|Thunderbolt,ThunderWave,HiddenPowerGrass,BatonPass|Timid|4,,,252,,252|M|,2,,30,,|||,Grass,,,,]Tyranitar||Leftovers|SandStream|FocusPunch,Earthquake,HiddenPowerBug,RockSlide|Adamant|252,252,4,,,|F|,,,,30,30|||,Bug,,,,]Gengar||Leftovers|Levitate|IcePunch,FirePunch,HiddenPowerGrass,Explosion|Hasty|40,,,252,,216|F|,30,,30,,|||,Grass,,,,]Metagross||ChoiceBand|ClearBody|MeteorMash,Earthquake,RockSlide,Explosion|Adamant|68,252,,,,188|N||||]Starmie||Leftovers|NaturalCure|HydroPump,Thunderbolt,IceBeam,Psychic|Timid|4,,,252,,252|N|,0,,,,|||\",\"rating\":0}",">player p2 {\"name\":\"foultestacceptor1\",\"avatar\":\"102\",\"team\":\"Salamence||ChoiceBand|Intimidate|Earthquake,HiddenPowerFlying,BrickBreak,RockSlide|Adamant|120,252,,,,136|F|30,30,30,30,30,|||,Flying,,,,]Magneton||Magnet|MagnetPull|Thunderbolt,Toxic,HiddenPowerFire,Protect|Modest|4,,,252,,252|N|,2,,30,,30|||,Fire,,,,]Tyranitar||Leftovers|SandStream|Crunch,Pursuit,HiddenPowerGrass,FireBlast|Modest|240,,,188,48,32|M|,2,,30,,|||,Grass,,,,]Blissey||Leftovers|NaturalCure|SeismicToss,Wish,Protect,Toxic||4,,252,,252,|F|,0,,,,|||]Metagross||Leftovers|ClearBody|Agility,MeteorMash,Earthquake,Explosion|Adamant|168,252,,,,88|N||||]Swampert||Leftovers|Torrent|Surf,IceBeam,Protect,Toxic|Bold|252,,160,,96,|F|,0,,,,|||\",\"rating\":0}",">p1 move spikes",">p2 switch 2",">p1 move spikes",">p2 move thunderbolt",">p1 switch 5",">p1 move earthquake",">p2 move thunderbolt",">p2 switch 2",">p1 switch 6",">p2 move hiddenpower",">p1 move icebeam",">p2 switch 4",">p1 switch 6",">p2 move seismictoss",">p1 move explosion",">p2 move protect",">p1 switch 3",">p1 move focuspunch",">p2 switch 6",">p1 switch 4",">p2 move surf",">p1 move hiddenpower",">p2 move protect",">p1 move hiddenpower",">p2 switch 3",">p1 move hiddenpower",">p2 move pursuit",">p1 switch 6",">p1 move hydropump",">p2 move hiddenpower",">p2 switch 5",">p1 move hydropump",">p2 move agility",">p1 move hydropump",">p2 move earthquake",">p1 switch 4",">p1 move rockslide",">p2 move meteormash",">p1 switch 2",">p2 move earthquake",">p1 switch 2",">p1 move rockslide",">p2 move explosion"],"log":["|j|☆foultestchallenge1","|j|☆foultestacceptor1","|t:|1753058765","|gametype|singles","|player|p1|foultestchallenge1|169|","|player|p2|foultestacceptor1|102|","|teamsize|p1|6","|teamsize|p2|6","|gen|3","|tier|[Gen 3] OU","|rule|Sleep Clause Mod: Limit one foe put to sleep","|rule|Switch Priority Clause Mod: Faster Pokémon switch first","|rule|Species Clause: Limit one of each Pokémon","|rule|OHKO Clause: OHKO moves are banned","|rule|Evasion Items Clause: Evasion items are banned","|rule|Evasion Moves Clause: Evasion moves are banned","|rule|Endless Battle Clause: Forcing endless battles is banned","|rule|HP Percentage Mod: HP is shown in percentages","|rule|One Boost Passer Clause: Limit one Baton Passer that has a way to boost its stats","|rule|Freeze Clause Mod: Limit one foe frozen","|","|t:|1753058765","|start","|switch|p1a: Skarmory|Skarmory, M|334/334","|switch|p2a: Salamence|Salamence, F|360/360","|-ability|p2a: Salamence|Intimidate|boost","|-unboost|p1a: Skarmory|atk|1","|turn|1","|inactive|Battle timer is ON: inactive players will automatically lose when time's up. (requested by foultestchallenge1)","|inactive|foultestacceptor1 also wants the timer to be on.","|","|t:|1753058767","|switch|p2a: Magneton|Magneton|242/242","|move|p1a: Skarmory|Spikes|p2a: Magneton","|-sidestart|p2: foultestacceptor1|Spikes","|","|upkeep","|turn|2","||adding 10 for new turn","|","|t:|1753058769","|move|p2a: Magneton|Thunderbolt|p1a: Skarmory","|-supereffective|p1a: Skarmory","|-damage|p1a: Skarmory|0 fnt","|faint|p1a: Skarmory","||adding 5 to each for mid turn request","|","|t:|1753058770","|switch|p1a: Metagross|Metagross|318/318","|","|upkeep","|turn|3","||adding 10 for new turn","|","|t:|1753058772","|move|p2a: Magneton|Thunderbolt|p1a: Metagross","|-damage|p1a: Metagross|122/318","|move|p1a: Metagross|Earthquake|p2a: Magneton","|-supereffective|p2a: Magneton","|-damage|p2a: Magneton|0 fnt","|faint|p2a: Magneton","||adding 5 to each for mid turn request","|","|t:|1753058774","|switch|p2a: Salamence|Salamence, F|360/360","|-ability|p2a: Salamence|Intimidate|boost","|-fail|p1a: Metagross|unboost|[from] ability: Clear Body|[of] p1a: Metagross","|","|upkeep","|turn|4","||adding 10 for new turn","|","|t:|1753058775","|switch|p1a: Starmie|Starmie|262/262","|move|p2a: Salamence|Hidden Power|p1a: Starmie","|-damage|p1a: Starmie|7/262","|","|-heal|p1a: Starmie|23/262|[from] item: Leftovers","|upkeep","|turn|5","||adding 10 for new turn","|","|t:|1753058777","|switch|p2a: Blissey|Blissey, F|652/652","|-damage|p2a: Blissey|571/652|[from] Spikes","|move|p1a: Starmie|Ice Beam|p2a: Blissey","|-damage|p2a: Blissey|511/652","|","|-heal|p1a: Starmie|39/262|[from] item: Leftovers","|-heal|p2a: Blissey|551/652|[from] item: Leftovers","|upkeep","|turn|6","||adding 10 for new turn","|","|t:|1753058779","|switch|p1a: Metagross|Metagross|122/318","|move|p2a: Blissey|Seismic Toss|p1a: Metagross","|-damage|p1a: Metagross|22/318","|","|-heal|p2a: Blissey|591/652|[from] item: Leftovers","|upkeep","|turn|7","||adding 10 for new turn","|","|t:|1753058780","|move|p2a: Blissey|Protect|p2a: Blissey","|-singleturn|p2a: Blissey|Protect","|move|p1a: Metagross|Explosion|p2a: Blissey","|-activate|p2a: Blissey|Protect","|faint|p1a: Metagross","||adding 5 to each for mid turn request","|","|t:|1753058781","|switch|p1a: Tyranitar|Tyranitar, F|404/404","|-weather|Sandstorm|[from] ability: Sand Stream|[of] p1a: Tyranitar","|","|-weather|Sandstorm|[upkeep]","|-damage|p2a: Blissey|551/652|[from] Sandstorm","|-heal|p2a: Blissey|591/652|[from] item: Leftovers","|upkeep","|turn|8","||adding 10 for new turn","|","|t:|1753058783","|-singleturn|p1a: Tyranitar|move: Focus Punch","|switch|p2a: Swampert|Swampert, F|404/404","|-damage|p2a: Swampert|354/404|[from] Spikes","|move|p1a: Tyranitar|Focus Punch|p2a: Swampert","|-damage|p2a: Swampert|183/404","|","|-weather|Sandstorm|[upkeep]","|-heal|p2a: Swampert|208/404|[from] item: Leftovers","|upkeep","|turn|9","||adding 10 for new turn","|","|t:|1753058785","|switch|p1a: Gengar|Gengar, F|271/271","|move|p2a: Swampert|Surf|p1a: Gengar","|-damage|p1a: Gengar|146/271","|","|-weather|Sandstorm|[upkeep]","|-damage|p1a: Gengar|130/271|[from] Sandstorm","|-heal|p1a: Gengar|146/271|[from] item: Leftovers","|-heal|p2a: Swampert|233/404|[from] item: Leftovers","|upkeep","|turn|10","||adding 10 for new turn","|","|t:|1753058787","|move|p2a: Swampert|Protect|p2a: Swampert","|-singleturn|p2a: Swampert|Protect","|move|p1a: Gengar|Hidden Power|p2a: Swampert","|-activate|p2a: Swampert|Protect","|","|-weather|Sandstorm|[upkeep]","|-damage|p1a: Gengar|130/271|[from] Sandstorm","|-heal|p1a: Gengar|146/271|[from] item: Leftovers","|-heal|p2a: Swampert|258/404|[from] item: Leftovers","|upkeep","|turn|11","||adding 10 for new turn","|","|t:|1753058788","|switch|p2a: Tyranitar|Tyranitar, M|401/401","|-damage|p2a: Tyranitar|351/401|[from] Spikes","|move|p1a: Gengar|Hidden Power|p2a: Tyranitar","|-supereffective|p2a: Tyranitar","|-damage|p2a: Tyranitar|197/401","|","|-weather|Sandstorm|[upkeep]","|-damage|p1a: Gengar|130/271|[from] Sandstorm","|-heal|p1a: Gengar|146/271|[from] item: Leftovers","|-heal|p2a: Tyranitar|222/401|[from] item: Leftovers","|upkeep","|turn|12","||adding 10 for new turn","|","|t:|1753058790","|move|p1a: Gengar|Hidden Power|p2a: Tyranitar","|-supereffective|p2a: Tyranitar","|-damage|p2a: Tyranitar|73/401","|move|p2a: Tyranitar|Pursuit|p1a: Gengar","|-supereffective|p1a: Gengar","|-damage|p1a: Gengar|0 fnt","|faint|p1a: Gengar","||adding 5 to each for mid turn request","|","|t:|1753058791","|switch|p1a: Starmie|Starmie|39/262","|","|-weather|Sandstorm|[upkeep]","|-damage|p1a: Starmie|23/262|[from] Sandstorm","|-heal|p1a: Starmie|39/262|[from] item: Leftovers","|-heal|p2a: Tyranitar|98/401|[from] item: Leftovers","|upkeep","|turn|13","||adding 10 for new turn","|","|t:|1753058792","|move|p1a: Starmie|Hydro Pump|p2a: Tyranitar","|-supereffective|p2a: Tyranitar","|-damage|p2a: Tyranitar|0 fnt","|faint|p2a: Tyranitar","||adding 5 to each for mid turn request","|","|t:|1753058794","|switch|p2a: Metagross|Metagross|343/343","|-damage|p2a: Metagross|301/343|[from] Spikes","|","|-weather|Sandstorm|[upkeep]","|-damage|p1a: Starmie|23/262|[from] Sandstorm","|-heal|p1a: Starmie|39/262|[from] item: Leftovers","|-heal|p2a: Metagross|322/343|[from] item: Leftovers","|upkeep","|turn|14","||adding 10 for new turn","|","|t:|1753058795","|move|p1a: Starmie|Hydro Pump|p2a: Metagross","|-damage|p2a: Metagross|122/343","|move|p2a: Metagross|Agility|p2a: Metagross","|-boost|p2a: Metagross|spe|2","|","|-weather|Sandstorm|[upkeep]","|-damage|p1a: Starmie|23/262|[from] Sandstorm","|-heal|p2a: Metagross|143/343|[from] item: Leftovers","|-heal|p1a: Starmie|39/262|[from] item: Leftovers","|upkeep","|turn|15","||adding 10 for new turn","|","|t:|1753058797","|move|p2a: Metagross|Earthquake|p1a: Starmie","|-damage|p1a: Starmie|0 fnt","|faint|p1a: Starmie","||adding 5 to each for mid turn request","|","|t:|1753058799","|switch|p1a: Tyranitar|Tyranitar, F|404/404","|","|-weather|Sandstorm|[upkeep]","|-heal|p2a: Metagross|164/343|[from] item: Leftovers","|upkeep","|turn|16","||adding 10 for new turn","|","|t:|1753058800","|move|p2a: Metagross|Meteor Mash|p1a: Tyranitar","|-supereffective|p1a: Tyranitar","|-damage|p1a: Tyranitar|47/404","|-boost|p2a: Metagross|atk|1","|move|p1a: Tyranitar|Rock Slide|p2a: Metagross","|-resisted|p2a: Metagross","|-damage|p2a: Metagross|100/343","|","|-weather|Sandstorm|[upkeep]","|-heal|p2a: Metagross|121/343|[from] item: Leftovers","|-heal|p1a: Tyranitar|72/404|[from] item: Leftovers","|upkeep","|turn|17","||adding 10 for new turn","|","|t:|1753058802","|switch|p1a: Jolteon|Jolteon, M|272/272","|move|p2a: Metagross|Earthquake|p1a: Jolteon","|-supereffective|p1a: Jolteon","|-damage|p1a: Jolteon|0 fnt","|faint|p1a: Jolteon","||adding 5 to each for mid turn request","|","|t:|1753058803","|switch|p1a: Tyranitar|Tyranitar, F|72/404","|","|-weather|Sandstorm|[upkeep]","|-heal|p2a: Metagross|142/343|[from] item: Leftovers","|-heal|p1a: Tyranitar|97/404|[from] item: Leftovers","|upkeep","|turn|18","||adding 10 for new turn","|","|t:|1753058804","|move|p2a: Metagross|Explosion|p1a: Tyranitar","|-resisted|p1a: Tyranitar","|-damage|p1a: Tyranitar|0 fnt","|faint|p2a: Metagross","|faint|p1a: Tyranitar","|","|win|foultestacceptor1",""],"p1rating":null,"p2rating":null,"endType":"normal","ladderError":true,"timestamp":"Sun Jul 20 2025 17:46:44 GMT-0700 (アメリカ太平洋夏時間)","roomid":"battle-gen3ou-1079","format":"gen3ou"}