{"winner":"foultestchallenge1","seed":"sodium,795afa4525ce9c845597517a04e1808f","turns":24,"p1":"foultestchallenge1","p2":"foultestacceptor1","p1team":[{"name":"Medicham","species":"Medicham","item":"Salac Berry","ability":"Pure Power","moves":["Brick Break","Focus Punch","Rock Slide","Shadow Ball"],"nature":"Jolly","evs":{"hp":4,"atk":252,"def":0,"spa":0,"spd":0,"spe":252},"gender":"M","level":100,"ivs":{"hp":31,"atk":31,"def":31,"spa":31,"spd":31,"spe":31}},{"name":"Magneton","species":"Magneton","item":"Magnet","ability":"Magnet Pull","moves":["Thunderbolt","Hidden Power Fire","Toxic","Rain Dance"],"nature":"Modest","evs":{"hp":4,"atk":0,"def":0,"spa":252,"spd":0,"spe":252},"gender":"N","ivs":{"hp":31,"atk":2,"def":31,"spa":30,"spd":31,"spe":30},"happiness":255,"hpType":"Fire","pokeball":"","gigantamax":false,"dynamaxLevel":10,"teraType":"","level":100},{"name":"Snorlax","species":"Snorlax","item":"Leftovers","ability":"Immunity","moves":["Self-Destruct","Body Slam","Shadow Ball","Earthquake"],"nature":"Adamant","evs":{"hp":92,"atk":116,"def":144,"spa":0,"spd":144,"spe":12},"gender":"F","level":100,"ivs":{"hp":31,"atk":31,"def":31,"spa":31,"spd":31,"spe":31}},{"name":"Suicune","species":"Suicune","item":"Leftovers","ability":"Pressure","moves":["Calm Mind","Surf","Rest","Ice Beam"],"nature":"Calm","evs":{"hp":252,"atk":0,"def":0,"spa":180,"spd":68,"spe":8},"gender":"N","ivs":{"hp":31,"atk":0,"def":31,"spa":31,"spd":31,"spe":31},"level":100},{"name":"Salamence","species":"Salamence","item":"Leftovers","ability":"Intimidate","moves":["Dragon Dance","Hidden Power Flying","Rock Slide","Earthquake"],"nature":"Adamant","evs":{"hp":0,"atk":156,"def":0,"spa":0,"spd":140,"spe":212},"gender":"M","ivs":{"hp":31,"atk":31,"def":31,"spa":30,"spd":30,"spe":30},"happiness":255,"hpType":"Flying","pokeball":"","gigantamax":false,"dynamaxLevel":10,"teraType":"","level":100},{"name":"Metagross","species":"Metagross","item":"Leftovers","ability":"Clear Body","moves":["Agility","Meteor Mash","Earthquake","Explosion"],"nature":"Adamant","evs":{"hp":252,"atk":144,"def":24,"spa":0,"spd":0,"spe":88},"gender":"N","level":100,"ivs":{"hp":31,"atk":31,"def":31,"spa":31,"spd":31,"spe":31}}],"p2team":[{"name":"Salamence","species":"Salamence","item":"Choice Band","ability":"Intimidate","moves":["Earthquake","Hidden Power Flying","Brick Break","Rock Slide"],"nature":"Adamant","evs":{"hp":120,"atk":252,"def":0,"spa":0,"spd":0,"spe":136},"gender":"F","ivs":{"hp":30,"atk":30,"def":30,"spa":30,"spd":30,"spe":31},"happiness":255,"hpType":"Flying","pokeball":"","gigantamax":false,"dynamaxLevel":10,"teraType":"","level":100},{"name":"Magneton","species":"Magneton","item":"Magnet","ability":"Magnet Pull","moves":["Thunderbolt","Toxic","Hidden Power Fire","Protect"],"nature":"Modest","evs":{"hp":4,"atk":0,"def":0,"spa":252,"spd":0,"spe":252},"gender":"N","ivs":{"hp":31,"atk":2,"def":31,"spa":30,"spd":31,"spe":30},"happiness":255,"hpType":"Fire","pokeball":"","gigantamax":false,"dynamaxLevel":10,"teraType":"","level":100},{"name":"Tyranitar","species":"Tyranitar","item":"Leftovers","ability":"Sand Stream","moves":["Crunch","Pursuit","Hidden Power Grass","Fire Blast"],"nature":"Modest","evs":{"hp":240,"atk":0,"def":0,"spa":188,"spd":48,"spe":32},"gender":"F","ivs":{"hp":31,"atk":2,"def":31,"spa":30,"spd":31,"spe":31},"happiness":255,"hpType":"Grass","pokeball":"","gigantamax":false,"dynamaxLevel":10,"teraType":"","level":100},{"name":"Blissey","species":"Blissey","item":"Leftovers","ability":"Natural Cure","moves":["Seismic Toss","Wish","Protect","Toxic"],"nature":"","evs":{"hp":4,"atk":0,"def":252,"spa":0,"spd":252,"spe":0},"gender":"F","ivs":{"hp":31,"atk":0,"def":31,"spa":31,"spd":31,"spe":31},"level":100},{"name":"Metagross","species":"Metagross","item":"Leftovers","ability":"Clear Body","moves":["Agility","Meteor Mash","Earthquake","Explosion"],"nature":"Adamant","evs":{"hp":168,"atk":252,"def":0,"spa":0,"spd":0,"spe":88},"gender":"N","level":100,"ivs":{"hp":31,"atk":31,"def":31,"spa":31,"spd":31,"spe":31}},{"name":"Swampert","species":"Swampert","item":"Leftovers","ability":"Torrent","moves":["Surf","Ice Beam","Protect","Toxic"],"nature":"Bold","evs":{"hp":252,"atk":0,"def":160,"spa":0,"spd":96,"spe":0},"gender":"M","ivs":{"hp":31,"atk":0,"def":31,"spa":31,"spd":31,"spe":31},"level":100}],"score":[3,0],"inputLog":[">version 372d05e49c92a79eecdf6c8dddb208bd1765c00f",">start {\"formatid\":\"gen3ou\",\"seed\":\"sodium,795afa4525ce9c845597517a04e1808f\"}",">player p1 {\"name\":\"foultestchallenge1\",\"avatar\":\"169\",\"team\":\"Medicham||SalacBerry|PurePower|BrickBreak,FocusPunch,RockSlide,ShadowBall|Jolly|4,252,,,,252|M||||]Magneton||Magnet|MagnetPull|Thunderbolt,HiddenPowerFire,Toxic,RainDance|Modest|4,,,252,,252|N|,2,,30,,30|||,Fire,,,,]Snorlax||Leftovers|Immunity|SelfDestruct,BodySlam,ShadowBall,Earthquake|Adamant|92,116,144,,144,12|F||||]Suicune||Leftovers|Pressure|CalmMind,Surf,Rest,IceBeam|Calm|252,,,180,68,8|N|,0,,,,|||]Salamence||Leftovers|Intimidate|DragonDance,HiddenPowerFlying,RockSlide,Earthquake|Adamant|,156,,,140,212|M|,,,30,30,30|||,Flying,,,,]Metagross||Leftovers|ClearBody|Agility,MeteorMash,Earthquake,Explosion|Adamant|252,144,24,,,88|N||||\",\"rating\":0}",">player p2 {\"name\":\"foultestacceptor1\",\"avatar\":\"102\",\"team\":\"Salamence||ChoiceBand|Intimidate|Earthquake,HiddenPowerFlying,BrickBreak,RockSlide|Adamant|120,252,,,,136|F|30,30,30,30,30,|||,Flying,,,,]Magneton||Magnet|MagnetPull|Thunderbolt,Toxic,HiddenPowerFire,Protect|Modest|4,,,252,,252|N|,2,,30,,30|||,Fire,,,,]Tyranitar||Leftovers|SandStream|Crunch,Pursuit,HiddenPowerGrass,FireBlast|Modest|240,,,188,48,32|F|,2,,30,,|||,Grass,,,,]Blissey||Leftovers|NaturalCure|SeismicToss,Wish,Protect,Toxic||4,,252,,252,|F|,0,,,,|||]Metagross||Leftovers|ClearBody|Agility,MeteorMash,Earthquake,Explosion|Adamant|168,252,,,,88|N||||]Swampert||Leftovers|Torrent|Surf,IceBeam,Protect,Toxic|Bold|252,,160,,96,|M|,0,,,,|||\",\"rating\":0}",">p1 switch 4",">p2 move hiddenpower",">p1 move calmmind",">p2 move hiddenpower",">p1 switch 6",">p2 move hiddenpower",">p1 move meteormash",">p2 switch 6",">p1 move explosion",">p2 move surf",">p1 switch 3",">p2 switch 6",">p1 move bodyslam",">p2 move hiddenpower",">p1 move selfdestruct",">p2 move hiddenpower",">p1 switch 5",">p2 switch 5",">p1 move earthquake",">p2 move meteormash",">p1 move earthquake",">p2 switch 4",">p1 move earthquake",">p2 move toxic",">p1 move earthquake",">p2 move protect",">p1 move earthquake",">p2 move protect",">p1 move hiddenpower",">p2 move wish",">p1 switch 4",">p1 move focuspunch",">p2 switch 4",">p2 switch 4",">p1 move brickbreak",">p2 move protect",">p1 move brickbreak",">p2 move protect",">p1 move focuspunch",">p2 move protect",">p1 move shadowball",">p2 move protect",">p1 move focuspunch",">p2 move protect",">p1 move focuspunch",">p2 move protect",">p1 move focuspunch",">p2 move protect",">p2 switch 2",">p1 move focuspunch",">p2 move protect",">p1 move brickbreak",">p2 move protect",">p2 switch 3",">p1 move brickbreak",">p2 move crunch"],"log":["|j|☆foultestchallenge1","|j|☆foultestacceptor1","|t:|1753071849","|gametype|singles","|player|p1|foultestchallenge1|169|","|player|p2|foultestacceptor1|102|","|teamsize|p1|6","|teamsize|p2|6","|gen|3","|tier|[Gen 3] OU","|rule|Sleep Clause Mod: Limit one foe put to sleep","|rule|Switch Priority Clause Mod: Faster Pokémon switch first","|rule|Species Clause: Limit one of each Pokémon","|rule|OHKO Clause: OHKO moves are banned","|rule|Evasion Items Clause: Evasion items are banned","|rule|Evasion Moves Clause: Evasion moves are banned","|rule|Endless Battle Clause: Forcing endless battles is banned","|rule|HP Percentage Mod: HP is shown in percentages","|rule|One Boost Passer Clause: Limit one Baton Passer that has a way to boost its stats","|rule|Freeze Clause Mod: Limit one foe frozen","|","|t:|1753071849","|start","|switch|p1a: Medicham|Medicham, M|262/262","|switch|p2a: Salamence|Salamence, F|360/360","|-ability|p2a: Salamence|Intimidate|boost","|-unboost|p1a: Medicham|atk|1","|turn|1","|inactive|Battle timer is ON: inactive players will automatically lose when time's up. (requested by foultestchallenge1)","|inactive|foultestacceptor1 also wants the timer to be on.","|","|t:|1753071858","|switch|p1a: Suicune|Suicune|404/404","|-ability|p1a: Suicune|Pressure|[silent]","|move|p2a: Salamence|Hidden Power|p1a: Suicune","|-damage|p1a: Suicune|227/404","|","|-heal|p1a: Suicune|252/404|[from] item: Leftovers","|upkeep","|turn|2","||adding 10 for new turn","|","|t:|1753071866","|move|p2a: Salamence|Hidden Power|p1a: Suicune","|-damage|p1a: Suicune|79/404","|move|p1a: Suicune|Calm Mind|p1a: Suicune","|-boost|p1a: Suicune|spa|1","|-boost|p1a: Suicune|spd|1","|","|-heal|p1a: Suicune|104/404|[from] item: Leftovers","|upkeep","|turn|3","||adding 10 for new turn","|","|t:|1753071874","|switch|p1a: Metagross|Metagross|364/364","|move|p2a: Salamence|Hidden Power|p1a: Metagross","|-resisted|p1a: Metagross","|-damage|p1a: Metagross|278/364","|","|-heal|p1a: Metagross|300/364|[from] item: Leftovers","|upkeep","|turn|4","||adding 10 for new turn","|","|t:|1753071881","|switch|p2a: Swampert|Swampert, M|404/404","|move|p1a: Metagross|Meteor Mash|p2a: Swampert|[miss]","|-miss|p1a: Metagross|p2a: Swampert","|","|-heal|p1a: Metagross|322/364|[from] item: Leftovers","|upkeep","|turn|5","||adding 10 for new turn","|","|t:|1753071889","|move|p1a: Metagross|Explosion|p2a: Swampert","|-damage|p2a: Swampert|0 fnt","|faint|p1a: Metagross","|faint|p2a: Swampert","||adding 5 to each for mid turn request","|","|t:|1753071898","|switch|p1a: Snorlax|Snorlax, F|484/484","|switch|p2a: Salamence|Salamence, F|360/360","|-ability|p2a: Salamence|Intimidate|boost","|-unboost|p1a: Snorlax|atk|1","|","|upkeep","|turn|6","||adding 10 for new turn","|","|t:|1753071905","|move|p2a: Salamence|Hidden Power|p1a: Snorlax","|-damage|p1a: Snorlax|234/484","|move|p1a: Snorlax|Body Slam|p2a: Salamence","|-damage|p2a: Salamence|255/360","|","|-heal|p1a: Snorlax|264/484|[from] item: Leftovers","|upkeep","|turn|7","||adding 10 for new turn","|","|t:|1753071914","|move|p2a: Salamence|Hidden Power|p1a: Snorlax","|-damage|p1a: Snorlax|16/484","|move|p1a: Snorlax|Self-Destruct|p2a: Salamence","|-damage|p2a: Salamence|0 fnt","|faint|p1a: Snorlax","|faint|p2a: Salamence","||adding 5 to each for mid turn request","|","|t:|1753071922","|switch|p2a: Metagross|Metagross|343/343","|switch|p1a: Salamence|Salamence, M|331/331","|-ability|p1a: Salamence|Intimidate|boost","|-fail|p2a: Metagross|unboost|[from] ability: Clear Body|[of] p2a: Metagross","|","|upkeep","|turn|8","||adding 10 for new turn","|","|t:|1753071930","|move|p1a: Salamence|Earthquake|p2a: Metagross","|-supereffective|p2a: Metagross","|-damage|p2a: Metagross|156/343","|move|p2a: Metagross|Meteor Mash|p1a: Salamence","|-damage|p1a: Salamence|80/331","|","|-heal|p1a: Salamence|100/331|[from] item: Leftovers","|-heal|p2a: Metagross|177/343|[from] item: Leftovers","|upkeep","|turn|9","||adding 10 for new turn","|","|t:|1753071938","|switch|p2a: Blissey|Blissey, F|652/652","|move|p1a: Salamence|Earthquake|p2a: Blissey","|-damage|p2a: Blissey|397/652","|","|-heal|p1a: Salamence|120/331|[from] item: Leftovers","|-heal|p2a: Blissey|437/652|[from] item: Leftovers","|upkeep","|turn|10","||adding 10 for new turn","|","|t:|1753071946","|move|p1a: Salamence|Earthquake|p2a: Blissey","|-damage|p2a: Blissey|193/652","|move|p2a: Blissey|Toxic|p1a: Salamence","|-status|p1a: Salamence|tox","|","|-heal|p1a: Salamence|140/331 tox|[from] item: Leftovers","|-damage|p1a: Salamence|120/331 tox|[from] psn","|-heal|p2a: Blissey|233/652|[from] item: Leftovers","|upkeep","|turn|11","||adding 10 for new turn","|","|t:|1753071954","|move|p2a: Blissey|Protect|p2a: Blissey","|-singleturn|p2a: Blissey|Protect","|move|p1a: Salamence|Earthquake|p2a: Blissey","|-activate|p2a: Blissey|Protect","|","|-heal|p1a: Salamence|140/331 tox|[from] item: Leftovers","|-damage|p1a: Salamence|100/331 tox|[from] psn","|-heal|p2a: Blissey|273/652|[from] item: Leftovers","|upkeep","|turn|12","||adding 10 for new turn","|","|t:|1753071962","|move|p2a: Blissey|Protect|p2a: Blissey","|-singleturn|p2a: Blissey|Protect","|move|p1a: Salamence|Earthquake|p2a: Blissey","|-activate|p2a: Blissey|Protect","|","|-heal|p1a: Salamence|120/331 tox|[from] item: Leftovers","|-damage|p1a: Salamence|60/331 tox|[from] psn","|-heal|p2a: Blissey|313/652|[from] item: Leftovers","|upkeep","|turn|13","||adding 10 for new turn","|","|t:|1753071970","|move|p1a: Salamence|Hidden Power|p2a: Blissey","|-damage|p2a: Blissey|45/652","|move|p2a: Blissey|Wish|p2a: Blissey","|","|-heal|p1a: Salamence|80/331 tox|[from] item: Leftovers","|-damage|p1a: Salamence|0 fnt|[from] psn","|faint|p1a: Salamence","|-heal|p2a: Blissey|85/652|[from] item: Leftovers","|upkeep","||adding 5 to each for mid turn request","|","|t:|1753071974","|switch|p1a: Medicham|Medicham, M|262/262","|turn|14","||adding 10 for new turn","|","|t:|1753071982","|-singleturn|p1a: Medicham|move: Focus Punch","|switch|p2a: Metagross|Metagross|177/343","|move|p1a: Medicham|Focus Punch|p2a: Metagross","|-damage|p2a: Metagross|0 fnt","|faint|p2a: Metagross","||adding 5 to each for mid turn request","|","|t:|1753071989","|switch|p2a: Blissey|Blissey, F|85/652","|","|-heal|p2a: Blissey|411/652|[from] move: Wish|[wisher] Blissey","|-heal|p2a: Blissey|451/652|[from] item: Leftovers","|upkeep","|turn|15","||adding 10 for new turn","|","|t:|1753071997","|move|p2a: Blissey|Protect|p2a: Blissey","|-singleturn|p2a: Blissey|Protect","|move|p1a: Medicham|Brick Break|p2a: Blissey","|-activate|p2a: Blissey|Protect","|","|-heal|p2a: Blissey|491/652|[from] item: Leftovers","|upkeep","|turn|16","||adding 10 for new turn","|","|t:|1753072004","|move|p2a: Blissey|Protect|p2a: Blissey","|-singleturn|p2a: Blissey|Protect","|move|p1a: Medicham|Brick Break|p2a: Blissey","|-activate|p2a: Blissey|Protect","|","|-heal|p2a: Blissey|531/652|[from] item: Leftovers","|upkeep","|turn|17","||adding 10 for new turn","|","|t:|1753072012","|-singleturn|p1a: Medicham|move: Focus Punch","|move|p2a: Blissey|Protect|p2a: Blissey","|-singleturn|p2a: Blissey|Protect","|move|p1a: Medicham|Focus Punch|p2a: Blissey","|-activate|p2a: Blissey|Protect","|","|-heal|p2a: Blissey|571/652|[from] item: Leftovers","|upkeep","|turn|18","||adding 10 for new turn","|","|t:|1753072019","|move|p2a: Blissey|Protect||[still]","|-fail|p2a: Blissey","|move|p1a: Medicham|Shadow Ball|p2a: Blissey","|-immune|p2a: Blissey","|","|-heal|p2a: Blissey|611/652|[from] item: Leftovers","|upkeep","|turn|19","||adding 10 for new turn","|","|t:|1753072024","|-singleturn|p1a: Medicham|move: Focus Punch","|move|p2a: Blissey|Protect|p2a: Blissey","|-singleturn|p2a: Blissey|Protect","|move|p1a: Medicham|Focus Punch|p2a: Blissey","|-activate|p2a: Blissey|Protect","|","|-heal|p2a: Blissey|651/652|[from] item: Leftovers","|upkeep","|turn|20","||adding 10 for new turn","|","|t:|1753072028","|-singleturn|p1a: Medicham|move: Focus Punch","|move|p2a: Blissey|Protect|p2a: Blissey","|-singleturn|p2a: Blissey|Protect","|move|p1a: Medicham|Focus Punch|p2a: Blissey","|-activate|p2a: Blissey|Protect","|","|-heal|p2a: Blissey|652/652|[from] item: Leftovers","|upkeep","|turn|21","||adding 10 for new turn","|","|t:|1753072032","|-singleturn|p1a: Medicham|move: Focus Punch","|move|p2a: Blissey|Protect||[still]","|-fail|p2a: Blissey","|move|p1a: Medicham|Focus Punch|p2a: Blissey","|-supereffective|p2a: Blissey","|-damage|p2a: Blissey|0 fnt","|faint|p2a: Blissey","||adding 5 to each for mid turn request","|","|t:|1753072036","|switch|p2a: Magneton|Magneton|242/242","|","|upkeep","|turn|22","||adding 10 for new turn","|","|t:|1753072043","|-singleturn|p1a: Medicham|move: Focus Punch","|move|p2a: Magneton|Protect|p2a: Magneton","|-singleturn|p2a: Magneton|Protect","|move|p1a: Medicham|Focus Punch|p2a: Magneton","|-activate|p2a: Magneton|Protect","|","|upkeep","|turn|23","||adding 10 for new turn","|","|t:|1753072050","|move|p2a: Magneton|Protect||[still]","|-fail|p2a: Magneton","|move|p1a: Medicham|Brick Break|p2a: Magneton","|-supereffective|p2a: Magneton","|-damage|p2a: Magneton|0 fnt","|faint|p2a: Magneton","||adding 5 to each for mid turn request","|","|t:|1753072054","|switch|p2a: Tyranitar|Tyranitar, F|401/401","|-weather|Sandstorm|[from] ability: Sand Stream|[of] p2a: Tyranitar","|","|-weather|Sandstorm|[upkeep]","|-damage|p1a: Medicham|246/262|[from] Sandstorm","|upkeep","|turn|24","||adding 10 for new turn","|","|t:|1753072060","|move|p1a: Medicham|Brick Break|p2a: Tyranitar","|-supereffective|p2a: Tyranitar","|-crit|p2a: Tyranitar","|-damage|p2a: Tyranitar|0 fnt","|faint|p2a: Tyranitar","|","|win|foultestchallenge1",""],"p1rating":null,"p2rating":null,"endType":"normal","ladderError":true,"timestamp":"Sun Jul 20 2025 21:27:40 GMT-0700 (アメリカ太平洋夏時間)","roomid":"battle-gen3ou-1115","format":"gen3ou"}