{"winner":"foultestchallenge1","seed":"sodium,7240a60da27d99f21104833d16832b33","turns":47,"p1":"foultestchallenge1","p2":"foultestacceptor1","p1team":[{"name":"Dugtrio","species":"Dugtrio","item":"Choice Band","ability":"Arena Trap","moves":["Earthquake","Hidden Power Bug","Aerial Ace","Sunny Day"],"nature":"Adamant","evs":{"hp":96,"atk":168,"def":20,"spa":0,"spd":0,"spe":224},"gender":"M","ivs":{"hp":31,"atk":30,"def":30,"spa":31,"spd":30,"spe":31},"happiness":255,"hpType":"Bug","pokeball":"","gigantamax":false,"dynamaxLevel":10,"teraType":"","level":100},{"name":"Forretress","species":"Forretress","item":"Leftovers","ability":"Sturdy","moves":["Spikes","Zap Cannon","Explosion","Hidden Power Bug"],"nature":"Careful","evs":{"hp":252,"atk":0,"def":4,"spa":0,"spd":252,"spe":0},"gender":"M","ivs":{"hp":31,"atk":30,"def":30,"spa":31,"spd":30,"spe":31},"happiness":255,"hpType":"Bug","pokeball":"","gigantamax":false,"dynamaxLevel":10,"teraType":"","level":100},{"name":"Snorlax","species":"Snorlax","item":"Leftovers","ability":"Immunity","moves":["Return","Curse","Rest","Shadow Ball"],"nature":"Careful","evs":{"hp":144,"atk":96,"def":132,"spa":0,"spd":136,"spe":0},"gender":"M","level":100,"ivs":{"hp":31,"atk":31,"def":31,"spa":31,"spd":31,"spe":31}},{"name":"Suicune","species":"Suicune","item":"Leftovers","ability":"Pressure","moves":["Calm Mind","Rest","Ice Beam","Surf"],"nature":"Bold","evs":{"hp":240,"atk":0,"def":252,"spa":0,"spd":0,"spe":16},"gender":"N","ivs":{"hp":31,"atk":0,"def":31,"spa":31,"spd":31,"spe":31},"level":100},{"name":"Claydol","species":"Claydol","item":"Leftovers","ability":"Levitate","moves":["Earthquake","Psychic","Rapid Spin","Rest"],"nature":"Lonely","evs":{"hp":252,"atk":224,"def":0,"spa":24,"spd":0,"spe":8},"gender":"N","level":100,"ivs":{"hp":31,"atk":31,"def":31,"spa":31,"spd":31,"spe":31}},{"name":"Blissey","species":"Blissey","item":"Leftovers","ability":"Natural Cure","moves":["Soft-Boiled","Seismic Toss","Thunder Wave","Aromatherapy"],"nature":"Bold","evs":{"hp":252,"atk":0,"def":252,"spa":0,"spd":0,"spe":4},"gender":"F","ivs":{"hp":31,"atk":0,"def":31,"spa":31,"spd":31,"spe":31},"level":100}],"p2team":[{"name":"Metagross","species":"Metagross","item":"Leftovers","ability":"Clear Body","moves":["Meteor Mash","Earthquake","Agility","Explosion"],"nature":"Adamant","evs":{"hp":152,"atk":252,"def":0,"spa":0,"spd":0,"spe":104},"gender":"N","level":100,"ivs":{"hp":31,"atk":31,"def":31,"spa":31,"spd":31,"spe":31}},{"name":"Milotic","species":"Milotic","item":"Leftovers","ability":"Marvel Scale","moves":["Hypnosis","Surf","Ice Beam","Recover"],"nature":"Bold","evs":{"hp":248,"atk":0,"def":212,"spa":0,"spd":0,"spe":48},"gender":"F","ivs":{"hp":31,"atk":0,"def":31,"spa":31,"spd":31,"spe":31},"level":100},{"name":"Celebi","species":"Celebi","item":"Leftovers","ability":"Natural Cure","moves":["Swords Dance","Hidden Power Rock","Baton Pass","Recover"],"nature":"Jolly","evs":{"hp":240,"atk":0,"def":44,"spa":0,"spd":4,"spe":220},"gender":"N","ivs":{"hp":31,"atk":31,"def":30,"spa":31,"spd":30,"spe":30},"happiness":255,"hpType":"Rock","pokeball":"","gigantamax":false,"dynamaxLevel":10,"teraType":"","level":100},{"name":"Magneton","species":"Magneton","item":"Leftovers","ability":"Magnet Pull","moves":["Thunderbolt","Hidden Power Fire","Thunder Wave","Toxic"],"nature":"Timid","evs":{"hp":144,"atk":0,"def":0,"spa":112,"spd":0,"spe":252},"gender":"N","ivs":{"hp":31,"atk":2,"def":31,"spa":30,"spd":31,"spe":30},"happiness":255,"hpType":"Fire","pokeball":"","gigantamax":false,"dynamaxLevel":10,"teraType":"","level":100},{"name":"Heracross","species":"Heracross","item":"Leftovers","ability":"Guts","moves":["Megahorn","Rock Slide","Hidden Power Ghost","Brick Break"],"nature":"Adamant","evs":{"hp":144,"atk":16,"def":0,"spa":0,"spd":184,"spe":164},"gender":"M","ivs":{"hp":31,"atk":31,"def":30,"spa":31,"spd":30,"spe":31},"happiness":255,"hpType":"Ghost","pokeball":"","gigantamax":false,"dynamaxLevel":10,"teraType":"","level":100},{"name":"Gyarados","species":"Gyarados","item":"Leftovers","ability":"Intimidate","moves":["Hidden Power Flying","Double-Edge","Earthquake","Dragon Dance"],"nature":"Jolly","evs":{"hp":0,"atk":252,"def":4,"spa":0,"spd":0,"spe":252},"gender":"F","ivs":{"hp":30,"atk":30,"def":30,"spa":30,"spd":30,"spe":31},"happiness":255,"hpType":"Flying","pokeball":"","gigantamax":false,"dynamaxLevel":10,"teraType":"","level":100}],"score":[6,0],"inputLog":[">version 372d05e49c92a79eecdf6c8dddb208bd1765c00f",">start {\"formatid\":\"gen3ou\",\"seed\":\"sodium,7240a60da27d99f21104833d16832b33\"}",">player p1 {\"name\":\"foultestchallenge1\",\"avatar\":\"169\",\"team\":\"Dugtrio||ChoiceBand|ArenaTrap|Earthquake,HiddenPowerBug,AerialAce,SunnyDay|Adamant|96,168,20,,,224|M|,30,30,,30,|||,Bug,,,,]Forretress||Leftovers|Sturdy|Spikes,ZapCannon,Explosion,HiddenPowerBug|Careful|252,,4,,252,|M|,30,30,,30,|||,Bug,,,,]Snorlax||Leftovers|Immunity|Return,Curse,Rest,ShadowBall|Careful|144,96,132,,136,|M||||]Suicune||Leftovers|Pressure|CalmMind,Rest,IceBeam,Surf|Bold|240,,252,,,16|N|,0,,,,|||]Claydol||Leftovers|Levitate|Earthquake,Psychic,RapidSpin,Rest|Lonely|252,224,,24,,8|N||||]Blissey||Leftovers|NaturalCure|SoftBoiled,SeismicToss,ThunderWave,Aromatherapy|Bold|252,,252,,,4|F|,0,,,,|||\",\"rating\":0}",">player p2 {\"name\":\"foultestacceptor1\",\"avatar\":\"102\",\"team\":\"Metagross||Leftovers|ClearBody|MeteorMash,Earthquake,Agility,Explosion|Adamant|152,252,,,,104|N||||]Milotic||Leftovers|MarvelScale|Hypnosis,Surf,IceBeam,Recover|Bold|248,,212,,,48|F|,0,,,,|||]Celebi||Leftovers|NaturalCure|SwordsDance,HiddenPowerRock,BatonPass,Recover|Jolly|240,,44,,4,220|N|,,30,,30,30|||,Rock,,,,]Magneton||Leftovers|MagnetPull|Thunderbolt,HiddenPowerFire,ThunderWave,Toxic|Timid|144,,,112,,252|N|,2,,30,,30|||,Fire,,,,]Heracross||Leftovers|Guts|Megahorn,RockSlide,HiddenPowerGhost,BrickBreak|Adamant|144,16,,,184,164|M|,,30,,30,|||,Ghost,,,,]Gyarados||Leftovers|Intimidate|HiddenPowerFlying,DoubleEdge,Earthquake,DragonDance|Jolly|,252,4,,,252|F|30,30,30,30,30,|||,Flying,,,,\",\"rating\":0}",">p1 move earthquake",">p2 move meteormash",">p2 switch 2",">p1 switch 4",">p2 move hypnosis",">p1 switch 2",">p2 switch 6",">p1 move zapcannon",">p2 move dragondance",">p1 move zapcannon",">p2 move hiddenpower",">p2 switch 4",">p1 move spikes",">p2 move thunderwave",">p1 move spikes",">p2 move hiddenpower",">p1 move spikes",">p2 switch 6",">p1 move spikes",">p2 move surf",">p1 switch 6",">p2 move surf",">p1 move thunderwave",">p2 move icebeam",">p1 move aromatherapy",">p2 move surf",">p1 move seismictoss",">p2 move surf",">p1 move seismictoss",">p2 move recover",">p1 move seismictoss",">p2 move hypnosis",">p1 switch 2",">p2 move hypnosis",">p1 move calmmind",">p2 move hypnosis",">p1 move surf",">p2 move surf",">p1 move calmmind",">p2 move surf",">p1 move calmmind",">p2 move icebeam",">p1 move calmmind",">p2 move hypnosis",">p1 move calmmind",">p2 move hypnosis",">p1 move icebeam",">p2 move surf",">p1 move surf",">p2 move icebeam",">p1 move surf",">p2 move icebeam",">p1 move surf",">p2 move hypnosis",">p1 move surf",">p2 move hypnosis",">p1 move icebeam",">p2 move recover",">p1 move surf",">p2 move surf",">p1 move surf",">p2 move hypnosis",">p1 move surf",">p2 move hypnosis",">p1 move icebeam",">p2 move recover",">p1 move surf",">p2 move icebeam",">p1 move surf",">p2 move hypnosis",">p1 move surf",">p2 move hypnosis",">p1 move surf",">p2 move recover",">p1 move surf",">p2 move surf",">p1 move surf",">p2 switch 3",">p1 move icebeam",">p2 move recover",">p1 move icebeam",">p2 move swordsdance",">p1 move icebeam",">p2 move batonpass",">p2 switch 3",">p1 move surf",">p2 move recover",">p2 switch 6",">p1 move surf",">p2 move thunderwave",">p2 switch 5",">p1 move surf",">p2 move rockslide",">p1 move surf",">p2 move rockslide",">p1 move surf",">p2 move rockslide",">p1 move surf",">p2 move rockslide",">p2 switch 3"],"log":["|j|☆foultestchallenge1","|j|☆foultestacceptor1","|t:|1753068584","|gametype|singles","|player|p1|foultestchallenge1|169|","|player|p2|foultestacceptor1|102|","|teamsize|p1|6","|teamsize|p2|6","|gen|3","|tier|[Gen 3] OU","|rule|Sleep Clause Mod: Limit one foe put to sleep","|rule|Switch Priority Clause Mod: Faster Pokémon switch first","|rule|Species Clause: Limit one of each Pokémon","|rule|OHKO Clause: OHKO moves are banned","|rule|Evasion Items Clause: Evasion items are banned","|rule|Evasion Moves Clause: Evasion moves are banned","|rule|Endless Battle Clause: Forcing endless battles is banned","|rule|HP Percentage Mod: HP is shown in percentages","|rule|One Boost Passer Clause: Limit one Baton Passer that has a way to boost its stats","|rule|Freeze Clause Mod: Limit one foe frozen","|","|t:|1753068584","|start","|switch|p1a: Dugtrio|Dugtrio, M|235/235","|switch|p2a: Metagross|Metagross|339/339","|turn|1","|inactive|Battle timer is ON: inactive players will automatically lose when time's up. (requested by foultestacceptor1)","|inactive|foultestchallenge1 also wants the timer to be on.","|","|t:|1753068592","|move|p1a: Dugtrio|Earthquake|p2a: Metagross","|-supereffective|p2a: Metagross","|-crit|p2a: Metagross","|-damage|p2a: Metagross|0 fnt","|faint|p2a: Metagross","||adding 5 to each for mid turn request","|","|t:|1753068600","|switch|p2a: Milotic|Milotic, F|393/393","|","|upkeep","|turn|2","||adding 10 for new turn","|","|t:|1753068608","|switch|p1a: Suicune|Suicune|401/401","|-ability|p1a: Suicune|Pressure|[silent]","|move|p2a: Milotic|Hypnosis|p1a: Suicune","|-status|p1a: Suicune|slp|[from] move: Hypnosis","|","|upkeep","|turn|3","||adding 10 for new turn","|","|t:|1753068616","|switch|p1a: Forretress|Forretress, M|354/354","|switch|p2a: Gyarados|Gyarados, F|330/330","|-ability|p2a: Gyarados|Intimidate|boost","|-unboost|p1a: Forretress|atk|1","|","|upkeep","|turn|4","||adding 10 for new turn","|","|t:|1753068624","|move|p2a: Gyarados|Dragon Dance|p2a: Gyarados","|-boost|p2a: Gyarados|atk|1","|-boost|p2a: Gyarados|spe|1","|move|p1a: Forretress|Zap Cannon|p2a: Gyarados","|-supereffective|p2a: Gyarados","|-damage|p2a: Gyarados|122/330","|-status|p2a: Gyarados|par","|","|-heal|p2a: Gyarados|142/330 par|[from] item: Leftovers","|upkeep","|turn|5","||adding 10 for new turn","|","|t:|1753068632","|move|p1a: Forretress|Zap Cannon|p2a: Gyarados","|-supereffective|p2a: Gyarados","|-damage|p2a: Gyarados|0 fnt","|faint|p2a: Gyarados","||adding 5 to each for mid turn request","|","|t:|1753068639","|switch|p2a: Magneton|Magneton|277/277","|","|upkeep","|turn|6","||adding 10 for new turn","|","|t:|1753068647","|move|p2a: Magneton|Thunder Wave|p1a: Forretress","|-status|p1a: Forretress|par","|move|p1a: Forretress|Spikes|p2a: Magneton","|-sidestart|p2: foultestacceptor1|Spikes","|","|upkeep","|turn|7","||adding 10 for new turn","|","|t:|1753068655","|move|p2a: Magneton|Hidden Power|p1a: Forretress","|-supereffective|p1a: Forretress","|-damage|p1a: Forretress|84/354 par","|cant|p1a: Forretress|par","|","|-heal|p1a: Forretress|106/354 par|[from] item: Leftovers","|upkeep","|turn|8","||adding 10 for new turn","|","|t:|1753068663","|switch|p2a: Milotic|Milotic, F|393/393","|-damage|p2a: Milotic|344/393|[from] Spikes","|move|p1a: Forretress|Spikes|p2a: Milotic","|-sidestart|p2: foultestacceptor1|Spikes","|","|-heal|p2a: Milotic|368/393|[from] item: Leftovers","|-heal|p1a: Forretress|128/354 par|[from] item: Leftovers","|upkeep","|turn|9","||adding 10 for new turn","|","|t:|1753068671","|move|p2a: Milotic|Surf|p1a: Forretress","|-damage|p1a: Forretress|10/354 par","|move|p1a: Forretress|Spikes|p2a: Milotic","|-sidestart|p2: foultestacceptor1|Spikes","|","|-heal|p2a: Milotic|392/393|[from] item: Leftovers","|-heal|p1a: Forretress|32/354 par|[from] item: Leftovers","|upkeep","|turn|10","||adding 10 for new turn","|","|t:|1753068679","|switch|p1a: Blissey|Blissey, F|714/714","|move|p2a: Milotic|Surf|p1a: Blissey","|-damage|p1a: Blissey|634/714","|","|-heal|p2a: Milotic|393/393|[from] item: Leftovers","|-heal|p1a: Blissey|678/714|[from] item: Leftovers","|upkeep","|turn|11","||adding 10 for new turn","|","|t:|1753068687","|move|p2a: Milotic|Ice Beam|p1a: Blissey","|-damage|p1a: Blissey|616/714","|move|p1a: Blissey|Thunder Wave|p2a: Milotic","|-status|p2a: Milotic|par","|","|-heal|p1a: Blissey|660/714|[from] item: Leftovers","|upkeep","|turn|12","||adding 10 for new turn","|","|t:|1753068695","|move|p1a: Blissey|Aromatherapy|p1a: Blissey","|-cureteam|p1a: Blissey|[from] move: Aromatherapy","|move|p2a: Milotic|Surf|p1a: Blissey","|-damage|p1a: Blissey|570/714","|","|-heal|p1a: Blissey|614/714|[from] item: Leftovers","|upkeep","|turn|13","||adding 10 for new turn","|","|t:|1753068703","|move|p1a: Blissey|Seismic Toss|p2a: Milotic","|-damage|p2a: Milotic|293/393 par","|cant|p2a: Milotic|par","|","|-heal|p1a: Blissey|658/714|[from] item: Leftovers","|-heal|p2a: Milotic|317/393 par|[from] item: Leftovers","|upkeep","|turn|14","||adding 10 for new turn","|","|t:|1753068708","|move|p1a: Blissey|Seismic Toss|p2a: Milotic","|-damage|p2a: Milotic|217/393 par","|move|p2a: Milotic|Recover|p2a: Milotic","|-heal|p2a: Milotic|393/393 par","|","|-heal|p1a: Blissey|702/714|[from] item: Leftovers","|upkeep","|turn|15","||adding 10 for new turn","|","|t:|1753068712","|move|p1a: Blissey|Seismic Toss|p2a: Milotic","|-damage|p2a: Milotic|293/393 par","|move|p2a: Milotic|Hypnosis|p1a: Blissey","|-status|p1a: Blissey|slp|[from] move: Hypnosis","|","|-heal|p1a: Blissey|714/714 slp|[from] item: Leftovers","|-heal|p2a: Milotic|317/393 par|[from] item: Leftovers","|upkeep","|turn|16","||adding 10 for new turn","|","|t:|1753068717","|-curestatus|p1a: Blissey|slp|[from] ability: Natural Cure","|switch|p1a: Suicune|Suicune|401/401","|-ability|p1a: Suicune|Pressure|[silent]","|move|p2a: Milotic|Hypnosis|p1a: Suicune|[miss]","|-miss|p2a: Milotic|p1a: Suicune","|","|-heal|p2a: Milotic|341/393 par|[from] item: Leftovers","|upkeep","|turn|17","||adding 10 for new turn","|","|t:|1753068725","|move|p1a: Suicune|Calm Mind|p1a: Suicune","|-boost|p1a: Suicune|spa|1","|-boost|p1a: Suicune|spd|1","|move|p2a: Milotic|Hypnosis|p1a: Suicune","|-status|p1a: Suicune|slp|[from] move: Hypnosis","|","|-heal|p2a: Milotic|365/393 par|[from] item: Leftovers","|upkeep","|turn|18","||adding 10 for new turn","|","|t:|1753068733","|cant|p1a: Suicune|slp","|move|p2a: Milotic|Surf|p1a: Suicune","|-resisted|p1a: Suicune","|-damage|p1a: Suicune|367/401 slp","|","|-heal|p1a: Suicune|392/401 slp|[from] item: Leftovers","|-heal|p2a: Milotic|389/393 par|[from] item: Leftovers","|upkeep","|turn|19","||adding 10 for new turn","|","|t:|1753068741","|cant|p1a: Suicune|slp","|move|p2a: Milotic|Surf|p1a: Suicune","|-resisted|p1a: Suicune","|-damage|p1a: Suicune|358/401 slp","|","|-heal|p1a: Suicune|383/401 slp|[from] item: Leftovers","|-heal|p2a: Milotic|393/393 par|[from] item: Leftovers","|upkeep","|turn|20","||adding 10 for new turn","|","|t:|1753068749","|-curestatus|p1a: Suicune|slp|[msg]","|move|p1a: Suicune|Calm Mind|p1a: Suicune","|-boost|p1a: Suicune|spa|1","|-boost|p1a: Suicune|spd|1","|cant|p2a: Milotic|par","|","|-heal|p1a: Suicune|401/401|[from] item: Leftovers","|upkeep","|turn|21","||adding 10 for new turn","|","|t:|1753068756","|move|p1a: Suicune|Calm Mind|p1a: Suicune","|-boost|p1a: Suicune|spa|1","|-boost|p1a: Suicune|spd|1","|move|p2a: Milotic|Hypnosis|p1a: Suicune|[miss]","|-miss|p2a: Milotic|p1a: Suicune","|","|upkeep","|turn|22","||adding 10 for new turn","|","|t:|1753068764","|move|p1a: Suicune|Calm Mind|p1a: Suicune","|-boost|p1a: Suicune|spa|1","|-boost|p1a: Suicune|spd|1","|move|p2a: Milotic|Hypnosis|p1a: Suicune","|-status|p1a: Suicune|slp|[from] move: Hypnosis","|","|upkeep","|turn|23","||adding 10 for new turn","|","|t:|1753068772","|cant|p1a: Suicune|slp","|move|p2a: Milotic|Surf|p1a: Suicune","|-resisted|p1a: Suicune","|-damage|p1a: Suicune|385/401 slp","|","|-heal|p1a: Suicune|401/401 slp|[from] item: Leftovers","|upkeep","|turn|24","||adding 10 for new turn","|","|t:|1753068780","|cant|p1a: Suicune|slp","|move|p2a: Milotic|Ice Beam|p1a: Suicune","|-resisted|p1a: Suicune","|-damage|p1a: Suicune|389/401 slp","|","|-heal|p1a: Suicune|401/401 slp|[from] item: Leftovers","|upkeep","|turn|25","||adding 10 for new turn","|","|t:|1753068788","|cant|p1a: Suicune|slp","|move|p2a: Milotic|Ice Beam|p1a: Suicune","|-resisted|p1a: Suicune","|-damage|p1a: Suicune|391/401 slp","|","|-heal|p1a: Suicune|401/401 slp|[from] item: Leftovers","|upkeep","|turn|26","||adding 10 for new turn","|","|t:|1753068796","|cant|p1a: Suicune|slp","|move|p2a: Milotic|Hypnosis|p1a: Suicune","|-fail|p1a: Suicune|slp","|","|upkeep","|turn|27","||adding 10 for new turn","|","|t:|1753068804","|-curestatus|p1a: Suicune|slp|[msg]","|move|p1a: Suicune|Surf|p2a: Milotic","|-resisted|p2a: Milotic","|-damage|p2a: Milotic|264/393 par","|move|p2a: Milotic|Hypnosis|p1a: Suicune","|-status|p1a: Suicune|slp|[from] move: Hypnosis","|","|-heal|p2a: Milotic|288/393 par|[from] item: Leftovers","|upkeep","|turn|28","||adding 10 for new turn","|","|t:|1753068812","|cant|p1a: Suicune|slp","|move|p2a: Milotic|Recover|p2a: Milotic","|-heal|p2a: Milotic|393/393 par","|","|upkeep","|turn|29","||adding 10 for new turn","|","|t:|1753068820","|cant|p1a: Suicune|slp","|move|p2a: Milotic|Surf|p1a: Suicune","|-resisted|p1a: Suicune","|-damage|p1a: Suicune|384/401 slp","|","|-heal|p1a: Suicune|401/401 slp|[from] item: Leftovers","|upkeep","|turn|30","||adding 10 for new turn","|","|t:|1753068828","|cant|p1a: Suicune|slp","|move|p2a: Milotic|Hypnosis|p1a: Suicune","|-fail|p1a: Suicune|slp","|","|upkeep","|turn|31","||adding 10 for new turn","|","|t:|1753068836","|-curestatus|p1a: Suicune|slp|[msg]","|move|p1a: Suicune|Surf|p2a: Milotic","|-resisted|p2a: Milotic","|-damage|p2a: Milotic|263/393 par","|move|p2a: Milotic|Hypnosis|p1a: Suicune","|-status|p1a: Suicune|slp|[from] move: Hypnosis","|","|-heal|p2a: Milotic|287/393 par|[from] item: Leftovers","|upkeep","|turn|32","||adding 10 for new turn","|","|t:|1753068844","|cant|p1a: Suicune|slp","|move|p2a: Milotic|Recover|p2a: Milotic","|-heal|p2a: Milotic|393/393 par","|","|upkeep","|turn|33","||adding 10 for new turn","|","|t:|1753068852","|cant|p1a: Suicune|slp","|cant|p2a: Milotic|par","|","|upkeep","|turn|34","||adding 10 for new turn","|","|t:|1753068860","|cant|p1a: Suicune|slp","|move|p2a: Milotic|Hypnosis|p1a: Suicune","|-fail|p1a: Suicune|slp","|","|upkeep","|turn|35","||adding 10 for new turn","|","|t:|1753068868","|-curestatus|p1a: Suicune|slp|[msg]","|move|p1a: Suicune|Surf|p2a: Milotic","|-resisted|p2a: Milotic","|-damage|p2a: Milotic|275/393 par","|move|p2a: Milotic|Hypnosis|p1a: Suicune","|-status|p1a: Suicune|slp|[from] move: Hypnosis","|","|-heal|p2a: Milotic|299/393 par|[from] item: Leftovers","|upkeep","|turn|36","||adding 10 for new turn","|","|t:|1753068876","|cant|p1a: Suicune|slp","|move|p2a: Milotic|Recover|p2a: Milotic","|-heal|p2a: Milotic|393/393 par","|","|upkeep","|turn|37","||adding 10 for new turn","|","|t:|1753068883","|cant|p1a: Suicune|slp","|move|p2a: Milotic|Surf|p1a: Suicune","|-resisted|p1a: Suicune","|-damage|p1a: Suicune|385/401 slp","|","|-heal|p1a: Suicune|401/401 slp|[from] item: Leftovers","|upkeep","|turn|38","||adding 10 for new turn","|","|t:|1753068891","|switch|p2a: Celebi|Celebi|401/401","|-damage|p2a: Celebi|301/401|[from] Spikes","|cant|p1a: Suicune|slp","|","|-heal|p2a: Celebi|326/401|[from] item: Leftovers","|upkeep","|turn|39","||adding 10 for new turn","|","|t:|1753068899","|move|p2a: Celebi|Recover|p2a: Celebi","|-heal|p2a: Celebi|401/401","|cant|p1a: Suicune|slp","|","|upkeep","|turn|40","||adding 10 for new turn","|","|t:|1753068907","|move|p2a: Celebi|Swords Dance|p2a: Celebi","|-boost|p2a: Celebi|atk|2","|-curestatus|p1a: Suicune|slp|[msg]","|move|p1a: Suicune|Ice Beam|p2a: Celebi","|-supereffective|p2a: Celebi","|-damage|p2a: Celebi|21/401","|","|-heal|p2a: Celebi|46/401|[from] item: Leftovers","|upkeep","|turn|41","||adding 10 for new turn","|","|t:|1753068915","|move|p2a: Celebi|Baton Pass|p2a: Celebi","||adding 5 to each for mid turn request","|","|t:|1753068919","|switch|p2a: Milotic|Milotic, F|393/393 par|[from] Baton Pass","|-damage|p2a: Milotic|295/393 par|[from] Spikes","|move|p1a: Suicune|Ice Beam|p2a: Milotic","|-resisted|p2a: Milotic","|-damage|p2a: Milotic|211/393 par","|","|-heal|p2a: Milotic|235/393 par|[from] item: Leftovers","|upkeep","|turn|42","||adding 10 for new turn","|","|t:|1753068923","|move|p1a: Suicune|Surf|p2a: Milotic","|-resisted|p2a: Milotic","|-crit|p2a: Milotic","|-damage|p2a: Milotic|0 fnt","|faint|p2a: Milotic","||adding 5 to each for mid turn request","|","|t:|1753068927","|switch|p2a: Magneton|Magneton|277/277","|-damage|p2a: Magneton|208/277|[from] Spikes","|","|-heal|p2a: Magneton|225/277|[from] item: Leftovers","|upkeep","|turn|43","||adding 10 for new turn","|","|t:|1753068934","|move|p2a: Magneton|Thunder Wave|p1a: Suicune","|-status|p1a: Suicune|par","|move|p1a: Suicune|Surf|p2a: Magneton","|-damage|p2a: Magneton|0 fnt","|faint|p2a: Magneton","||adding 5 to each for mid turn request","|","|t:|1753068938","|switch|p2a: Heracross|Heracross, M|337/337","|-damage|p2a: Heracross|253/337|[from] Spikes","|","|-heal|p2a: Heracross|274/337|[from] item: Leftovers","|upkeep","|turn|44","||adding 10 for new turn","|","|t:|1753068946","|move|p2a: Heracross|Rock Slide|p1a: Suicune","|-damage|p1a: Suicune|350/401 par","|cant|p1a: Suicune|flinch","|","|-heal|p2a: Heracross|295/337|[from] item: Leftovers","|-heal|p1a: Suicune|375/401 par|[from] item: Leftovers","|upkeep","|turn|45","||adding 10 for new turn","|","|t:|1753068953","|move|p2a: Heracross|Rock Slide|p1a: Suicune","|-crit|p1a: Suicune","|-damage|p1a: Suicune|274/401 par","|move|p1a: Suicune|Surf|p2a: Heracross","|-damage|p2a: Heracross|39/337","|","|-heal|p2a: Heracross|60/337|[from] item: Leftovers","|-heal|p1a: Suicune|299/401 par|[from] item: Leftovers","|upkeep","|turn|46","||adding 10 for new turn","|","|t:|1753068961","|move|p2a: Heracross|Rock Slide|p1a: Suicune","|-damage|p1a: Suicune|249/401 par","|cant|p1a: Suicune|par","|","|-heal|p2a: Heracross|81/337|[from] item: Leftovers","|-heal|p1a: Suicune|274/401 par|[from] item: Leftovers","|upkeep","|turn|47","||adding 10 for new turn","|","|t:|1753068968","|move|p2a: Heracross|Rock Slide|p1a: Suicune","|-damage|p1a: Suicune|225/401 par","|move|p1a: Suicune|Surf|p2a: Heracross","|-damage|p2a: Heracross|0 fnt","|faint|p2a: Heracross","||adding 5 to each for mid turn request","|","|t:|1753068970","|switch|p2a: Celebi|Celebi|46/401","|-damage|p2a: Celebi|0 fnt|[from] Spikes","|faint|p2a: Celebi","|","|win|foultestchallenge1",""],"p1rating":null,"p2rating":null,"endType":"normal","ladderError":true,"timestamp":"Sun Jul 20 2025 20:36:10 GMT-0700 (アメリカ太平洋夏時間)","roomid":"battle-gen3ou-1107","format":"gen3ou"}