{"winner":"foultestacceptor1","seed":"sodium,5168c29396f6c5d9439abb9bc99ff4a5","turns":21,"p1":"foultestchallenge1","p2":"foultestacceptor1","p1team":[{"name":"Salamence","species":"Salamence","item":"Choice Band","ability":"Intimidate","moves":["Earthquake","Hidden Power Flying","Brick Break","Rock Slide"],"nature":"Adamant","evs":{"hp":120,"atk":252,"def":0,"spa":0,"spd":0,"spe":136},"gender":"F","ivs":{"hp":30,"atk":30,"def":30,"spa":30,"spd":30,"spe":31},"happiness":255,"hpType":"Flying","pokeball":"","gigantamax":false,"dynamaxLevel":10,"teraType":"","level":100},{"name":"Magneton","species":"Magneton","item":"Magnet","ability":"Magnet Pull","moves":["Thunderbolt","Toxic","Hidden Power Fire","Protect"],"nature":"Modest","evs":{"hp":4,"atk":0,"def":0,"spa":252,"spd":0,"spe":252},"gender":"N","ivs":{"hp":31,"atk":2,"def":31,"spa":30,"spd":31,"spe":30},"happiness":255,"hpType":"Fire","pokeball":"","gigantamax":false,"dynamaxLevel":10,"teraType":"","level":100},{"name":"Tyranitar","species":"Tyranitar","item":"Leftovers","ability":"Sand Stream","moves":["Crunch","Pursuit","Hidden Power Grass","Fire Blast"],"nature":"Modest","evs":{"hp":240,"atk":0,"def":0,"spa":188,"spd":48,"spe":32},"gender":"M","ivs":{"hp":31,"atk":2,"def":31,"spa":30,"spd":31,"spe":31},"happiness":255,"hpType":"Grass","pokeball":"","gigantamax":false,"dynamaxLevel":10,"teraType":"","level":100},{"name":"Blissey","species":"Blissey","item":"Leftovers","ability":"Natural Cure","moves":["Seismic Toss","Wish","Protect","Toxic"],"nature":"","evs":{"hp":4,"atk":0,"def":252,"spa":0,"spd":252,"spe":0},"gender":"F","ivs":{"hp":31,"atk":0,"def":31,"spa":31,"spd":31,"spe":31},"level":100},{"name":"Metagross","species":"Metagross","item":"Leftovers","ability":"Clear Body","moves":["Agility","Meteor Mash","Earthquake","Explosion"],"nature":"Adamant","evs":{"hp":168,"atk":252,"def":0,"spa":0,"spd":0,"spe":88},"gender":"N","level":100,"ivs":{"hp":31,"atk":31,"def":31,"spa":31,"spd":31,"spe":31}},{"name":"Swampert","species":"Swampert","item":"Leftovers","ability":"Torrent","moves":["Surf","Ice Beam","Protect","Toxic"],"nature":"Bold","evs":{"hp":252,"atk":0,"def":160,"spa":0,"spd":96,"spe":0},"gender":"F","ivs":{"hp":31,"atk":0,"def":31,"spa":31,"spd":31,"spe":31},"level":100}],"p2team":[{"name":"Medicham","species":"Medicham","item":"Salac Berry","ability":"Pure Power","moves":["Brick Break","Focus Punch","Rock Slide","Shadow Ball"],"nature":"Jolly","evs":{"hp":4,"atk":252,"def":0,"spa":0,"spd":0,"spe":252},"gender":"F","level":100,"ivs":{"hp":31,"atk":31,"def":31,"spa":31,"spd":31,"spe":31}},{"name":"Magneton","species":"Magneton","item":"Magnet","ability":"Magnet Pull","moves":["Thunderbolt","Hidden Power Fire","Toxic","Rain Dance"],"nature":"Modest","evs":{"hp":4,"atk":0,"def":0,"spa":252,"spd":0,"spe":252},"gender":"N","ivs":{"hp":31,"atk":2,"def":31,"spa":30,"spd":31,"spe":30},"happiness":255,"hpType":"Fire","pokeball":"","gigantamax":false,"dynamaxLevel":10,"teraType":"","level":100},{"name":"Snorlax","species":"Snorlax","item":"Leftovers","ability":"Immunity","moves":["Self-Destruct","Body Slam","Shadow Ball","Earthquake"],"nature":"Adamant","evs":{"hp":92,"atk":116,"def":144,"spa":0,"spd":144,"spe":12},"gender":"M","level":100,"ivs":{"hp":31,"atk":31,"def":31,"spa":31,"spd":31,"spe":31}},{"name":"Suicune","species":"Suicune","item":"Leftovers","ability":"Pressure","moves":["Calm Mind","Surf","Rest","Ice Beam"],"nature":"Calm","evs":{"hp":252,"atk":0,"def":0,"spa":180,"spd":68,"spe":8},"gender":"N","ivs":{"hp":31,"atk":0,"def":31,"spa":31,"spd":31,"spe":31},"level":100},{"name":"Salamence","species":"Salamence","item":"Leftovers","ability":"Intimidate","moves":["Dragon Dance","Hidden Power Flying","Rock Slide","Earthquake"],"nature":"Adamant","evs":{"hp":0,"atk":156,"def":0,"spa":0,"spd":140,"spe":212},"gender":"F","ivs":{"hp":31,"atk":31,"def":31,"spa":30,"spd":30,"spe":30},"happiness":255,"hpType":"Flying","pokeball":"","gigantamax":false,"dynamaxLevel":10,"teraType":"","level":100},{"name":"Metagross","species":"Metagross","item":"Leftovers","ability":"Clear Body","moves":["Agility","Meteor Mash","Earthquake","Explosion"],"nature":"Adamant","evs":{"hp":252,"atk":144,"def":24,"spa":0,"spd":0,"spe":88},"gender":"N","level":100,"ivs":{"hp":31,"atk":31,"def":31,"spa":31,"spd":31,"spe":31}}],"score":[0,4],"inputLog":[">version 372d05e49c92a79eecdf6c8dddb208bd1765c00f",">start {\"formatid\":\"gen3ou\",\"seed\":\"sodium,5168c29396f6c5d9439abb9bc99ff4a5\"}",">player p1 {\"name\":\"foultestchallenge1\",\"avatar\":\"169\",\"team\":\"Salamence||ChoiceBand|Intimidate|Earthquake,HiddenPowerFlying,BrickBreak,RockSlide|Adamant|120,252,,,,136|F|30,30,30,30,30,|||,Flying,,,,]Magneton||Magnet|MagnetPull|Thunderbolt,Toxic,HiddenPowerFire,Protect|Modest|4,,,252,,252|N|,2,,30,,30|||,Fire,,,,]Tyranitar||Leftovers|SandStream|Crunch,Pursuit,HiddenPowerGrass,FireBlast|Modest|240,,,188,48,32|M|,2,,30,,|||,Grass,,,,]Blissey||Leftovers|NaturalCure|SeismicToss,Wish,Protect,Toxic||4,,252,,252,|F|,0,,,,|||]Metagross||Leftovers|ClearBody|Agility,MeteorMash,Earthquake,Explosion|Adamant|168,252,,,,88|N||||]Swampert||Leftovers|Torrent|Surf,IceBeam,Protect,Toxic|Bold|252,,160,,96,|F|,0,,,,|||\",\"rating\":0}",">player p2 {\"name\":\"foultestacceptor1\",\"avatar\":\"102\",\"team\":\"Medicham||SalacBerry|PurePower|BrickBreak,FocusPunch,RockSlide,ShadowBall|Jolly|4,252,,,,252|F||||]Magneton||Magnet|MagnetPull|Thunderbolt,HiddenPowerFire,Toxic,RainDance|Modest|4,,,252,,252|N|,2,,30,,30|||,Fire,,,,]Snorlax||Leftovers|Immunity|SelfDestruct,BodySlam,ShadowBall,Earthquake|Adamant|92,116,144,,144,12|M||||]Suicune||Leftovers|Pressure|CalmMind,Surf,Rest,IceBeam|Calm|252,,,180,68,8|N|,0,,,,|||]Salamence||Leftovers|Intimidate|DragonDance,HiddenPowerFlying,RockSlide,Earthquake|Adamant|,156,,,140,212|F|,,,30,30,30|||,Flying,,,,]Metagross||Leftovers|ClearBody|Agility,MeteorMash,Earthquake,Explosion|Adamant|252,144,24,,,88|N||||\",\"rating\":0}",">p1 move hiddenpower",">p2 switch 4",">p1 move hiddenpower",">p2 move icebeam",">p1 switch 5",">p1 move agility",">p2 move rest",">p1 move meteormash",">p2 move icebeam",">p1 move meteormash",">p2 move icebeam",">p1 move earthquake",">p2 move surf",">p1 move earthquake",">p2 move surf",">p1 move earthquake",">p2 switch 3",">p1 move explosion",">p2 move earthquake",">p1 switch 6",">p2 switch 4",">p1 move toxic",">p2 switch 5",">p1 move icebeam",">p2 switch 3",">p1 switch 4",">p2 move rest",">p1 switch 4",">p2 switch 6",">p1 move surf",">p2 move explosion",">p1 switch 4",">p2 switch 5",">p1 move protect",">p2 move brickbreak",">p1 move protect",">p2 move focuspunch",">p1 switch 2",">p1 move protect",">p2 move brickbreak",">p1 move protect",">p2 move brickbreak",">p1 move protect",">p2 move focuspunch",">p1 move protect",">p2 move focuspunch",">p1 switch 3",">p1 move fireblast",">p2 move brickbreak"],"log":["|j|☆foultestchallenge1","|j|☆foultestacceptor1","|t:|1753067309","|gametype|singles","|player|p1|foultestchallenge1|169|","|player|p2|foultestacceptor1|102|","|teamsize|p1|6","|teamsize|p2|6","|gen|3","|tier|[Gen 3] OU","|rule|Sleep Clause Mod: Limit one foe put to sleep","|rule|Switch Priority Clause Mod: Faster Pokémon switch first","|rule|Species Clause: Limit one of each Pokémon","|rule|OHKO Clause: OHKO moves are banned","|rule|Evasion Items Clause: Evasion items are banned","|rule|Evasion Moves Clause: Evasion moves are banned","|rule|Endless Battle Clause: Forcing endless battles is banned","|rule|HP Percentage Mod: HP is shown in percentages","|rule|One Boost Passer Clause: Limit one Baton Passer that has a way to boost its stats","|rule|Freeze Clause Mod: Limit one foe frozen","|","|t:|1753067309","|start","|switch|p1a: Salamence|Salamence, F|360/360","|switch|p2a: Medicham|Medicham, F|262/262","|-ability|p1a: Salamence|Intimidate|boost","|-unboost|p2a: Medicham|atk|1","|turn|1","|inactive|Battle timer is ON: inactive players will automatically lose when time's up. (requested by foultestacceptor1)","|inactive|foultestchallenge1 also wants the timer to be on.","|","|t:|1753067318","|switch|p2a: Suicune|Suicune|404/404","|-ability|p2a: Suicune|Pressure|[silent]","|move|p1a: Salamence|Hidden Power|p2a: Suicune","|-damage|p2a: Suicune|217/404","|","|-heal|p2a: Suicune|242/404|[from] item: Leftovers","|upkeep","|turn|2","||adding 10 for new turn","|","|t:|1753067325","|move|p1a: Salamence|Hidden Power|p2a: Suicune","|-damage|p2a: Suicune|69/404","|move|p2a: Suicune|Ice Beam|p1a: Salamence","|-supereffective|p1a: Salamence","|-damage|p1a: Salamence|0 fnt","|faint|p1a: Salamence","||adding 5 to each for mid turn request","|","|t:|1753067333","|switch|p1a: Metagross|Metagross|343/343","|","|-heal|p2a: Suicune|94/404|[from] item: Leftovers","|upkeep","|turn|3","||adding 10 for new turn","|","|t:|1753067341","|move|p2a: Suicune|Rest|p2a: Suicune","|-status|p2a: Suicune|slp|[from] move: Rest","|-heal|p2a: Suicune|404/404 slp|[silent]","|move|p1a: Metagross|Agility|p1a: Metagross","|-boost|p1a: Metagross|spe|2","|","|upkeep","|turn|4","||adding 10 for new turn","|","|t:|1753067349","|move|p1a: Metagross|Meteor Mash|p2a: Suicune","|-resisted|p2a: Suicune","|-damage|p2a: Suicune|312/404 slp","|cant|p2a: Suicune|slp","|","|-heal|p2a: Suicune|337/404 slp|[from] item: Leftovers","|upkeep","|turn|5","||adding 10 for new turn","|","|t:|1753067357","|move|p1a: Metagross|Meteor Mash|p2a: Suicune","|-resisted|p2a: Suicune","|-damage|p2a: Suicune|254/404 slp","|cant|p2a: Suicune|slp","|","|-heal|p2a: Suicune|279/404 slp|[from] item: Leftovers","|upkeep","|turn|6","||adding 10 for new turn","|","|t:|1753067365","|move|p1a: Metagross|Earthquake|p2a: Suicune","|-damage|p2a: Suicune|170/404 slp","|-curestatus|p2a: Suicune|slp|[msg]","|move|p2a: Suicune|Surf|p1a: Metagross","|-damage|p1a: Metagross|210/343","|","|-heal|p1a: Metagross|231/343|[from] item: Leftovers","|-heal|p2a: Suicune|195/404|[from] item: Leftovers","|upkeep","|turn|7","||adding 10 for new turn","|","|t:|1753067369","|move|p1a: Metagross|Earthquake|p2a: Suicune","|-damage|p2a: Suicune|73/404","|move|p2a: Suicune|Surf|p1a: Metagross","|-damage|p1a: Metagross|101/343","|","|-heal|p1a: Metagross|122/343|[from] item: Leftovers","|-heal|p2a: Suicune|98/404|[from] item: Leftovers","|upkeep","|turn|8","||adding 10 for new turn","|","|t:|1753067374","|switch|p2a: Snorlax|Snorlax, M|484/484","|move|p1a: Metagross|Earthquake|p2a: Snorlax","|-damage|p2a: Snorlax|331/484","|","|-heal|p1a: Metagross|143/343|[from] item: Leftovers","|-heal|p2a: Snorlax|361/484|[from] item: Leftovers","|upkeep","|turn|9","||adding 10 for new turn","|","|t:|1753067382","|move|p1a: Metagross|Explosion|p2a: Snorlax","|-damage|p2a: Snorlax|0 fnt","|faint|p1a: Metagross","|faint|p2a: Snorlax","||adding 5 to each for mid turn request","|","|t:|1753067390","|switch|p1a: Swampert|Swampert, F|404/404","|switch|p2a: Medicham|Medicham, F|262/262","|","|upkeep","|turn|10","||adding 10 for new turn","|","|t:|1753067398","|switch|p2a: Salamence|Salamence, F|331/331","|-ability|p2a: Salamence|Intimidate|boost","|-unboost|p1a: Swampert|atk|1","|move|p1a: Swampert|Toxic|p2a: Salamence|[miss]","|-miss|p1a: Swampert|p2a: Salamence","|","|upkeep","|turn|11","||adding 10 for new turn","|","|t:|1753067405","|switch|p2a: Suicune|Suicune|98/404","|-ability|p2a: Suicune|Pressure|[silent]","|move|p1a: Swampert|Ice Beam|p2a: Suicune","|-resisted|p2a: Suicune","|-damage|p2a: Suicune|71/404","|","|-heal|p2a: Suicune|96/404|[from] item: Leftovers","|upkeep","|turn|12","||adding 10 for new turn","|","|t:|1753067413","|switch|p1a: Blissey|Blissey, F|652/652","|move|p2a: Suicune|Rest|p2a: Suicune","|-status|p2a: Suicune|slp|[from] move: Rest","|-heal|p2a: Suicune|404/404 slp|[silent]","|","|upkeep","|turn|13","||adding 10 for new turn","|","|t:|1753067421","|switch|p2a: Metagross|Metagross|364/364","|switch|p1a: Swampert|Swampert, F|404/404","|","|upkeep","|turn|14","||adding 10 for new turn","|","|t:|1753067429","|move|p2a: Metagross|Explosion|p1a: Swampert","|-damage|p1a: Swampert|0 fnt","|faint|p2a: Metagross","|faint|p1a: Swampert","||adding 5 to each for mid turn request","|","|t:|1753067437","|switch|p2a: Medicham|Medicham, F|262/262","|switch|p1a: Blissey|Blissey, F|652/652","|","|upkeep","|turn|15","||adding 10 for new turn","|","|t:|1753067445","|move|p1a: Blissey|Protect|p1a: Blissey","|-singleturn|p1a: Blissey|Protect","|move|p2a: Medicham|Brick Break|p1a: Blissey","|-activate|p1a: Blissey|Protect","|","|upkeep","|turn|16","||adding 10 for new turn","|","|t:|1753067452","|-singleturn|p2a: Medicham|move: Focus Punch","|move|p1a: Blissey|Protect||[still]","|-fail|p1a: Blissey","|move|p2a: Medicham|Focus Punch|p1a: Blissey","|-supereffective|p1a: Blissey","|-damage|p1a: Blissey|0 fnt","|faint|p1a: Blissey","||adding 5 to each for mid turn request","|","|t:|1753067459","|switch|p1a: Magneton|Magneton|242/242","|","|upkeep","|turn|17","||adding 10 for new turn","|","|t:|1753067467","|move|p1a: Magneton|Protect|p1a: Magneton","|-singleturn|p1a: Magneton|Protect","|move|p2a: Medicham|Brick Break|p1a: Magneton","|-activate|p1a: Magneton|Protect","|","|upkeep","|turn|18","||adding 10 for new turn","|","|t:|1753067474","|move|p1a: Magneton|Protect|p1a: Magneton","|-singleturn|p1a: Magneton|Protect","|move|p2a: Medicham|Brick Break|p1a: Magneton","|-activate|p1a: Magneton|Protect","|","|upkeep","|turn|19","||adding 10 for new turn","|","|t:|1753067481","|-singleturn|p2a: Medicham|move: Focus Punch","|move|p1a: Magneton|Protect|p1a: Magneton","|-singleturn|p1a: Magneton|Protect","|move|p2a: Medicham|Focus Punch|p1a: Magneton","|-activate|p1a: Magneton|Protect","|","|upkeep","|turn|20","||adding 10 for new turn","|","|t:|1753067488","|-singleturn|p2a: Medicham|move: Focus Punch","|move|p1a: Magneton|Protect||[still]","|-fail|p1a: Magneton","|move|p2a: Medicham|Focus Punch|p1a: Magneton","|-supereffective|p1a: Magneton","|-damage|p1a: Magneton|0 fnt","|faint|p1a: Magneton","||adding 5 to each for mid turn request","|","|t:|1753067495","|switch|p1a: Tyranitar|Tyranitar, M|401/401","|-weather|Sandstorm|[from] ability: Sand Stream|[of] p1a: Tyranitar","|","|-weather|Sandstorm|[upkeep]","|-damage|p2a: Medicham|246/262|[from] Sandstorm","|upkeep","|turn|21","||adding 10 for new turn","|","|t:|1753067502","|move|p2a: Medicham|Brick Break|p1a: Tyranitar","|-supereffective|p1a: Tyranitar","|-damage|p1a: Tyranitar|0 fnt","|faint|p1a: Tyranitar","|","|win|foultestacceptor1",""],"p1rating":null,"p2rating":null,"endType":"normal","ladderError":true,"timestamp":"Sun Jul 20 2025 20:11:42 GMT-0700 (アメリカ太平洋夏時間)","roomid":"battle-gen3ou-1102","format":"gen3ou"}