{"winner":"foultestacceptor1","seed":"sodium,845f0a0b3205b6a7141b294e7a816851","turns":14,"p1":"foultestchallenge1","p2":"foultestacceptor1","p1team":[{"name":"Medicham","species":"Medicham","item":"Salac Berry","ability":"Pure Power","moves":["Brick Break","Focus Punch","Rock Slide","Shadow Ball"],"nature":"Jolly","evs":{"hp":4,"atk":252,"def":0,"spa":0,"spd":0,"spe":252},"gender":"F","level":100,"ivs":{"hp":31,"atk":31,"def":31,"spa":31,"spd":31,"spe":31}},{"name":"Magneton","species":"Magneton","item":"Magnet","ability":"Magnet Pull","moves":["Thunderbolt","Hidden Power Fire","Toxic","Rain Dance"],"nature":"Modest","evs":{"hp":4,"atk":0,"def":0,"spa":252,"spd":0,"spe":252},"gender":"N","ivs":{"hp":31,"atk":2,"def":31,"spa":30,"spd":31,"spe":30},"happiness":255,"hpType":"Fire","pokeball":"","gigantamax":false,"dynamaxLevel":10,"teraType":"","level":100},{"name":"Snorlax","species":"Snorlax","item":"Leftovers","ability":"Immunity","moves":["Self-Destruct","Body Slam","Shadow Ball","Earthquake"],"nature":"Adamant","evs":{"hp":92,"atk":116,"def":144,"spa":0,"spd":144,"spe":12},"gender":"F","level":100,"ivs":{"hp":31,"atk":31,"def":31,"spa":31,"spd":31,"spe":31}},{"name":"Suicune","species":"Suicune","item":"Leftovers","ability":"Pressure","moves":["Calm Mind","Surf","Rest","Ice Beam"],"nature":"Calm","evs":{"hp":252,"atk":0,"def":0,"spa":180,"spd":68,"spe":8},"gender":"N","ivs":{"hp":31,"atk":0,"def":31,"spa":31,"spd":31,"spe":31},"level":100},{"name":"Salamence","species":"Salamence","item":"Leftovers","ability":"Intimidate","moves":["Dragon Dance","Hidden Power Flying","Rock Slide","Earthquake"],"nature":"Adamant","evs":{"hp":0,"atk":156,"def":0,"spa":0,"spd":140,"spe":212},"gender":"M","ivs":{"hp":31,"atk":31,"def":31,"spa":30,"spd":30,"spe":30},"happiness":255,"hpType":"Flying","pokeball":"","gigantamax":false,"dynamaxLevel":10,"teraType":"","level":100},{"name":"Metagross","species":"Metagross","item":"Leftovers","ability":"Clear Body","moves":["Agility","Meteor Mash","Earthquake","Explosion"],"nature":"Adamant","evs":{"hp":252,"atk":144,"def":24,"spa":0,"spd":0,"spe":88},"gender":"N","level":100,"ivs":{"hp":31,"atk":31,"def":31,"spa":31,"spd":31,"spe":31}}],"p2team":[{"name":"Skarmory","species":"Skarmory","item":"Leftovers","ability":"Keen Eye","moves":["Spikes","Roar","Toxic","Protect"],"nature":"Careful","evs":{"hp":252,"atk":0,"def":0,"spa":0,"spd":252,"spe":4},"gender":"M","ivs":{"hp":31,"atk":0,"def":31,"spa":31,"spd":31,"spe":31},"level":100},{"name":"Jolteon","species":"Jolteon","item":"Leftovers","ability":"Volt Absorb","moves":["Thunderbolt","Thunder Wave","Hidden Power Grass","Baton Pass"],"nature":"Timid","evs":{"hp":4,"atk":0,"def":0,"spa":252,"spd":0,"spe":252},"gender":"F","ivs":{"hp":31,"atk":2,"def":31,"spa":30,"spd":31,"spe":31},"happiness":255,"hpType":"Grass","pokeball":"","gigantamax":false,"dynamaxLevel":10,"teraType":"","level":100},{"name":"Tyranitar","species":"Tyranitar","item":"Leftovers","ability":"Sand Stream","moves":["Focus Punch","Earthquake","Hidden Power Bug","Rock Slide"],"nature":"Adamant","evs":{"hp":252,"atk":252,"def":4,"spa":0,"spd":0,"spe":0},"gender":"M","ivs":{"hp":31,"atk":31,"def":31,"spa":31,"spd":30,"spe":30},"happiness":255,"hpType":"Bug","pokeball":"","gigantamax":false,"dynamaxLevel":10,"teraType":"","level":100},{"name":"Gengar","species":"Gengar","item":"Leftovers","ability":"Levitate","moves":["Ice Punch","Fire Punch","Hidden Power Grass","Explosion"],"nature":"Hasty","evs":{"hp":40,"atk":0,"def":0,"spa":252,"spd":0,"spe":216},"gender":"M","ivs":{"hp":31,"atk":30,"def":31,"spa":30,"spd":31,"spe":31},"happiness":255,"hpType":"Grass","pokeball":"","gigantamax":false,"dynamaxLevel":10,"teraType":"","level":100},{"name":"Metagross","species":"Metagross","item":"Choice Band","ability":"Clear Body","moves":["Meteor Mash","Earthquake","Rock Slide","Explosion"],"nature":"Adamant","evs":{"hp":68,"atk":252,"def":0,"spa":0,"spd":0,"spe":188},"gender":"N","level":100,"ivs":{"hp":31,"atk":31,"def":31,"spa":31,"spd":31,"spe":31}},{"name":"Starmie","species":"Starmie","item":"Leftovers","ability":"Natural Cure","moves":["Hydro Pump","Thunderbolt","Ice Beam","Psychic"],"nature":"Timid","evs":{"hp":4,"atk":0,"def":0,"spa":252,"spd":0,"spe":252},"gender":"N","ivs":{"hp":31,"atk":0,"def":31,"spa":31,"spd":31,"spe":31},"level":100}],"score":[0,3],"inputLog":[">version 372d05e49c92a79eecdf6c8dddb208bd1765c00f",">start {\"formatid\":\"gen3ou\",\"seed\":\"sodium,845f0a0b3205b6a7141b294e7a816851\"}",">player p1 {\"name\":\"foultestchallenge1\",\"avatar\":\"169\",\"team\":\"Medicham||SalacBerry|PurePower|BrickBreak,FocusPunch,RockSlide,ShadowBall|Jolly|4,252,,,,252|F||||]Magneton||Magnet|MagnetPull|Thunderbolt,HiddenPowerFire,Toxic,RainDance|Modest|4,,,252,,252|N|,2,,30,,30|||,Fire,,,,]Snorlax||Leftovers|Immunity|SelfDestruct,BodySlam,ShadowBall,Earthquake|Adamant|92,116,144,,144,12|F||||]Suicune||Leftovers|Pressure|CalmMind,Surf,Rest,IceBeam|Calm|252,,,180,68,8|N|,0,,,,|||]Salamence||Leftovers|Intimidate|DragonDance,HiddenPowerFlying,RockSlide,Earthquake|Adamant|,156,,,140,212|M|,,,30,30,30|||,Flying,,,,]Metagross||Leftovers|ClearBody|Agility,MeteorMash,Earthquake,Explosion|Adamant|252,144,24,,,88|N||||\",\"rating\":0}",">player p2 {\"name\":\"foultestacceptor1\",\"avatar\":\"102\",\"team\":\"Skarmory||Leftovers|KeenEye|Spikes,Roar,Toxic,Protect|Careful|252,,,,252,4|M|,0,,,,|||]Jolteon||Leftovers|VoltAbsorb|Thunderbolt,ThunderWave,HiddenPowerGrass,BatonPass|Timid|4,,,252,,252|F|,2,,30,,|||,Grass,,,,]Tyranitar||Leftovers|SandStream|FocusPunch,Earthquake,HiddenPowerBug,RockSlide|Adamant|252,252,4,,,|M|,,,,30,30|||,Bug,,,,]Gengar||Leftovers|Levitate|IcePunch,FirePunch,HiddenPowerGrass,Explosion|Hasty|40,,,252,,216|M|,30,,30,,|||,Grass,,,,]Metagross||ChoiceBand|ClearBody|MeteorMash,Earthquake,RockSlide,Explosion|Adamant|68,252,,,,188|N||||]Starmie||Leftovers|NaturalCure|HydroPump,Thunderbolt,IceBeam,Psychic|Timid|4,,,252,,252|N|,0,,,,|||\",\"rating\":0}",">p1 switch 2",">p2 move spikes",">p1 move thunderbolt",">p2 move spikes",">p1 move thunderbolt",">p2 move spikes",">p2 switch 3",">p1 move thunderbolt",">p2 move earthquake",">p1 switch 4",">p1 move surf",">p2 switch 5",">p1 move surf",">p2 move explosion",">p1 switch 3",">p2 switch 6",">p1 move bodyslam",">p2 switch 4",">p1 move shadowball",">p2 move explosion",">p2 switch 4",">p1 move selfdestruct",">p2 move psychic",">p1 switch 6",">p1 move earthquake",">p2 move hydropump",">p1 move earthquake",">p2 move hydropump",">p1 switch 5",">p1 switch 2",">p2 move icebeam",">p1 move focuspunch",">p2 move icebeam",">p1 switch 2",">p1 move dragondance",">p2 move icebeam"],"log":["|j|☆foultestchallenge1","|j|☆foultestacceptor1","|t:|1753073960","|gametype|singles","|player|p1|foultestchallenge1|169|","|player|p2|foultestacceptor1|102|","|teamsize|p1|6","|teamsize|p2|6","|gen|3","|tier|[Gen 3] OU","|rule|Sleep Clause Mod: Limit one foe put to sleep","|rule|Switch Priority Clause Mod: Faster Pokémon switch first","|rule|Species Clause: Limit one of each Pokémon","|rule|OHKO Clause: OHKO moves are banned","|rule|Evasion Items Clause: Evasion items are banned","|rule|Evasion Moves Clause: Evasion moves are banned","|rule|Endless Battle Clause: Forcing endless battles is banned","|rule|HP Percentage Mod: HP is shown in percentages","|rule|One Boost Passer Clause: Limit one Baton Passer that has a way to boost its stats","|rule|Freeze Clause Mod: Limit one foe frozen","|","|t:|1753073960","|start","|switch|p1a: Medicham|Medicham, F|262/262","|switch|p2a: Skarmory|Skarmory, M|334/334","|turn|1","|inactive|Battle timer is ON: inactive players will automatically lose when time's up. (requested by foultestacceptor1)","|inactive|foultestchallenge1 also wants the timer to be on.","|","|t:|1753073968","|switch|p1a: Magneton|Magneton|242/242","|move|p2a: Skarmory|Spikes|p1a: Magneton","|-sidestart|p1: foultestchallenge1|Spikes","|","|upkeep","|turn|2","||adding 10 for new turn","|","|t:|1753073976","|move|p1a: Magneton|Thunderbolt|p2a: Skarmory","|-supereffective|p2a: Skarmory","|-damage|p2a: Skarmory|9/334","|move|p2a: Skarmory|Spikes|p1a: Magneton","|-sidestart|p1: foultestchallenge1|Spikes","|","|-heal|p2a: Skarmory|29/334|[from] item: Leftovers","|upkeep","|turn|3","||adding 10 for new turn","|","|t:|1753073984","|move|p1a: Magneton|Thunderbolt|p2a: Skarmory","|-supereffective|p2a: Skarmory","|-damage|p2a: Skarmory|0 fnt","|faint|p2a: Skarmory","||adding 5 to each for mid turn request","|","|t:|1753073992","|switch|p2a: Tyranitar|Tyranitar, M|404/404","|-weather|Sandstorm|[from] ability: Sand Stream|[of] p2a: Tyranitar","|","|-weather|Sandstorm|[upkeep]","|upkeep","|turn|4","||adding 10 for new turn","|","|t:|1753074000","|move|p1a: Magneton|Thunderbolt|p2a: Tyranitar","|-damage|p2a: Tyranitar|226/404","|move|p2a: Tyranitar|Earthquake|p1a: Magneton","|-supereffective|p1a: Magneton","|-damage|p1a: Magneton|0 fnt","|faint|p1a: Magneton","||adding 5 to each for mid turn request","|","|t:|1753074009","|switch|p1a: Suicune|Suicune|404/404","|-damage|p1a: Suicune|337/404|[from] Spikes","|-ability|p1a: Suicune|Pressure|[silent]","|","|-weather|Sandstorm|[upkeep]","|-damage|p1a: Suicune|312/404|[from] Sandstorm","|-heal|p1a: Suicune|337/404|[from] item: Leftovers","|-heal|p2a: Tyranitar|251/404|[from] item: Leftovers","|upkeep","|turn|5","||adding 10 for new turn","|","|t:|1753074017","|switch|p2a: Metagross|Metagross|318/318","|move|p1a: Suicune|Surf|p2a: Metagross","|-damage|p2a: Metagross|188/318","|","|-weather|Sandstorm|[upkeep]","|-damage|p1a: Suicune|312/404|[from] Sandstorm","|-heal|p1a: Suicune|337/404|[from] item: Leftovers","|upkeep","|turn|6","||adding 10 for new turn","|","|t:|1753074025","|move|p2a: Metagross|Explosion|p1a: Suicune","|-damage|p1a: Suicune|0 fnt","|faint|p2a: Metagross","|faint|p1a: Suicune","||adding 5 to each for mid turn request","|","|t:|1753074033","|switch|p2a: Starmie|Starmie|262/262","|switch|p1a: Snorlax|Snorlax, F|484/484","|-damage|p1a: Snorlax|404/484|[from] Spikes","|","|-weather|Sandstorm|[upkeep]","|-damage|p2a: Starmie|246/262|[from] Sandstorm","|-damage|p1a: Snorlax|374/484|[from] Sandstorm","|-heal|p2a: Starmie|262/262|[from] item: Leftovers","|-heal|p1a: Snorlax|404/484|[from] item: Leftovers","|upkeep","|turn|7","||adding 10 for new turn","|","|t:|1753074041","|switch|p2a: Gengar|Gengar, M|271/271","|move|p1a: Snorlax|Body Slam|p2a: Gengar","|-immune|p2a: Gengar","|","|-weather|Sandstorm|[upkeep]","|-damage|p2a: Gengar|255/271|[from] Sandstorm","|-damage|p1a: Snorlax|374/484|[from] Sandstorm","|-heal|p2a: Gengar|271/271|[from] item: Leftovers","|-heal|p1a: Snorlax|404/484|[from] item: Leftovers","|upkeep","|turn|8","||adding 10 for new turn","|","|t:|1753074048","|move|p2a: Gengar|Explosion|p1a: Snorlax","|-damage|p1a: Snorlax|91/484","|faint|p2a: Gengar","||adding 5 to each for mid turn request","|","|t:|1753074056","|switch|p2a: Starmie|Starmie|262/262","|","|-weather|Sandstorm|[upkeep]","|-damage|p2a: Starmie|246/262|[from] Sandstorm","|-damage|p1a: Snorlax|61/484|[from] Sandstorm","|-heal|p2a: Starmie|262/262|[from] item: Leftovers","|-heal|p1a: Snorlax|91/484|[from] item: Leftovers","|upkeep","|turn|9","||adding 10 for new turn","|","|t:|1753074064","|move|p2a: Starmie|Psychic|p1a: Snorlax","|-damage|p1a: Snorlax|0 fnt","|faint|p1a: Snorlax","||adding 5 to each for mid turn request","|","|t:|1753074072","|switch|p1a: Metagross|Metagross|364/364","|-damage|p1a: Metagross|304/364|[from] Spikes","|","|-weather|Sandstorm|[upkeep]","|-damage|p2a: Starmie|246/262|[from] Sandstorm","|-heal|p2a: Starmie|262/262|[from] item: Leftovers","|-heal|p1a: Metagross|326/364|[from] item: Leftovers","|upkeep","|turn|10","||adding 10 for new turn","|","|t:|1753074079","|move|p2a: Starmie|Hydro Pump|p1a: Metagross","|-damage|p1a: Metagross|134/364","|move|p1a: Metagross|Earthquake|p2a: Starmie","|-damage|p2a: Starmie|120/262","|","|-weather|Sandstorm|[upkeep]","|-damage|p2a: Starmie|104/262|[from] Sandstorm","|-heal|p2a: Starmie|120/262|[from] item: Leftovers","|-heal|p1a: Metagross|156/364|[from] item: Leftovers","|upkeep","|turn|11","||adding 10 for new turn","|","|t:|1753074088","|move|p2a: Starmie|Hydro Pump|p1a: Metagross","|-damage|p1a: Metagross|0 fnt","|faint|p1a: Metagross","||adding 5 to each for mid turn request","|","|t:|1753074095","|switch|p1a: Salamence|Salamence, M|331/331","|-ability|p1a: Salamence|Intimidate|boost","|-unboost|p2a: Starmie|atk|1","|","|-weather|Sandstorm|[upkeep]","|-damage|p2a: Starmie|104/262|[from] Sandstorm","|-damage|p1a: Salamence|311/331|[from] Sandstorm","|-heal|p2a: Starmie|120/262|[from] item: Leftovers","|-heal|p1a: Salamence|331/331|[from] item: Leftovers","|upkeep","|turn|12","||adding 10 for new turn","|","|t:|1753074103","|switch|p1a: Medicham|Medicham, F|262/262","|-damage|p1a: Medicham|219/262|[from] Spikes","|move|p2a: Starmie|Ice Beam|p1a: Medicham","|-damage|p1a: Medicham|102/262","|","|-weather|Sandstorm|[upkeep]","|-damage|p2a: Starmie|104/262|[from] Sandstorm","|-damage|p1a: Medicham|86/262|[from] Sandstorm","|-heal|p2a: Starmie|120/262|[from] item: Leftovers","|upkeep","|turn|13","||adding 10 for new turn","|","|t:|1753074109","|-singleturn|p1a: Medicham|move: Focus Punch","|move|p2a: Starmie|Ice Beam|p1a: Medicham","|-damage|p1a: Medicham|0 fnt","|faint|p1a: Medicham","||adding 5 to each for mid turn request","|","|t:|1753074113","|switch|p1a: Salamence|Salamence, M|331/331","|-ability|p1a: Salamence|Intimidate|boost","|-unboost|p2a: Starmie|atk|1","|","|-weather|Sandstorm|[upkeep]","|-damage|p2a: Starmie|104/262|[from] Sandstorm","|-damage|p1a: Salamence|311/331|[from] Sandstorm","|-heal|p2a: Starmie|120/262|[from] item: Leftovers","|-heal|p1a: Salamence|331/331|[from] item: Leftovers","|upkeep","|turn|14","||adding 10 for new turn","|","|t:|1753074120","|move|p2a: Starmie|Ice Beam|p1a: Salamence","|-supereffective|p1a: Salamence","|-damage|p1a: Salamence|0 fnt","|faint|p1a: Salamence","|","|win|foultestacceptor1",""],"p1rating":null,"p2rating":null,"endType":"normal","ladderError":true,"timestamp":"Sun Jul 20 2025 22:02:00 GMT-0700 (アメリカ太平洋夏時間)","roomid":"battle-gen3ou-1122","format":"gen3ou"}