{"winner":"foulplaytest1.1","seed":"sodium,3fa38e62d1bc06b23918b8b0fedf3e82","turns":14,"p1":"foulplaytest1.1","p2":"thecrusher677","p1team":[{"name":"Skarmory","species":"Skarmory","item":"Leftovers","ability":"Keen Eye","moves":["Roar","Toxic","Spikes","Drill Peck"],"nature":"Impish","evs":{"hp":252,"atk":0,"def":232,"spa":0,"spd":0,"spe":24},"gender":"M","level":100,"ivs":{"hp":31,"atk":31,"def":31,"spa":31,"spd":31,"spe":31}}],"p2team":[{"name":"Registeel","species":"Registeel","item":"Leftovers","ability":"Clear Body","moves":["Rest","Sleep Talk","Rollout","Curse"],"nature":"Careful","evs":{"hp":252,"atk":4,"def":1,"spa":0,"spd":252,"spe":0},"gender":"N","level":50,"ivs":{"hp":31,"atk":31,"def":31,"spa":31,"spd":31,"spe":31}},{"name":"Cloyster","species":"Cloyster","item":"Leftovers","ability":"Shell Armor","moves":["Explosion","Hidden Power Bug","Facade","Surf"],"nature":"Naughty","evs":{"hp":248,"atk":252,"def":1,"spa":8,"spd":0,"spe":0},"gender":"F","ivs":{"hp":31,"atk":30,"def":30,"spa":31,"spd":30,"spe":31},"level":5,"happiness":255,"hpType":"Bug","pokeball":"","gigantamax":false,"dynamaxLevel":10,"teraType":""}],"score":[1,0],"inputLog":[">version 372d05e49c92a79eecdf6c8dddb208bd1765c00f",">start {\"formatid\":\"gen3ou\",\"seed\":\"sodium,3fa38e62d1bc06b23918b8b0fedf3e82\"}",">player p1 {\"name\":\"foulplaytest1.1\",\"avatar\":\"dawn\",\"team\":\"Skarmory||Leftovers|KeenEye|Roar,Toxic,Spikes,DrillPeck|Impish|252,,232,,,24|M||||\",\"rating\":0}",">player p2 {\"name\":\"thecrusher677\",\"avatar\":\"170\",\"team\":\"Registeel||Leftovers|ClearBody|Rest,SleepTalk,Rollout,Curse|Careful|252,4,1,,252,|N|||50|]Cloyster||Leftovers|ShellArmor|Explosion,HiddenPowerBug,Facade,Surf|Naughty|248,252,1,8,,|F|,30,30,,30,||5|,Bug,,,,\",\"rating\":0}",">chat ☆foulplaytest1.1|hf",">p1 move drillpeck",">p2 move curse",">p1 move drillpeck",">p2 move rest",">p1 move spikes",">p2 move sleeptalk",">p1 move spikes",">p2 move sleeptalk",">p1 move drillpeck",">p2 move sleeptalk",">p1 move drillpeck",">p2 move curse",">p1 move drillpeck",">p2 move curse",">p1 move spikes",">p2 move curse",">p1 move drillpeck",">p2 move curse",">p1 move drillpeck",">p2 move curse",">p1 move roar",">p2 move rollout",">p1 move drillpeck",">p2 switch 2",">p1 move drillpeck",">p2 move rest",">p2 switch 2",">p1 move drillpeck",">p2 move explosion"],"log":["|j|☆foulplaytest1.1","|j|☆thecrusher677","|t:|1752738530","|gametype|singles","|player|p1|foulplaytest1.1|dawn|","|player|p2|thecrusher677|170|","|teamsize|p1|1","|teamsize|p2|2","|gen|3","|tier|[Gen 3] OU","|rule|Sleep Clause Mod: Limit one foe put to sleep","|rule|Switch Priority Clause Mod: Faster Pokémon switch first","|rule|Species Clause: Limit one of each Pokémon","|rule|OHKO Clause: OHKO moves are banned","|rule|Evasion Items Clause: Evasion items are banned","|rule|Evasion Moves Clause: Evasion moves are banned","|rule|Endless Battle Clause: Forcing endless battles is banned","|rule|HP Percentage Mod: HP is shown in percentages","|rule|One Boost Passer Clause: Limit one Baton Passer that has a way to boost its stats","|rule|Freeze Clause Mod: Limit one foe frozen","|","|t:|1752738530","|start","|switch|p1a: Skarmory|Skarmory, M|334/334","|switch|p2a: Registeel|Registeel, L50|187/187","|turn|1","|c|☆foulplaytest1.1|hf","|inactive|Battle timer is ON: inactive players will automatically lose when time's up. (requested by foulplaytest1.1)","|","|t:|1752738545","|move|p1a: Skarmory|Drill Peck|p2a: Registeel","|-resisted|p2a: Registeel","|-crit|p2a: Registeel","|-damage|p2a: Registeel|77/187","|move|p2a: Registeel|Curse|p2a: Registeel","|-unboost|p2a: Registeel|spe|1","|-boost|p2a: Registeel|atk|1","|-boost|p2a: Registeel|def|1","|","|-heal|p2a: Registeel|88/187|[from] item: Leftovers","|upkeep","|turn|2","||adding 10 for new turn","|","|t:|1752738549","|move|p1a: Skarmory|Drill Peck|p2a: Registeel","|-resisted|p2a: Registeel","|-damage|p2a: Registeel|50/187","|move|p2a: Registeel|Rest|p2a: Registeel","|-status|p2a: Registeel|slp|[from] move: Rest","|-heal|p2a: Registeel|187/187 slp|[silent]","|","|upkeep","|turn|3","||adding 10 for new turn","|","|t:|1752738553","|move|p1a: Skarmory|Spikes|p2a: Registeel","|-sidestart|p2: thecrusher677|Spikes","|cant|p2a: Registeel|slp","|move|p2a: Registeel|Sleep Talk|p2a: Registeel","|move|p2a: Registeel|Rollout|p1a: Skarmory|[from]Sleep Talk","|-damage|p1a: Skarmory|329/334","|","|-heal|p1a: Skarmory|334/334|[from] item: Leftovers","|upkeep","|turn|4","||adding 10 for new turn","|","|t:|1752738556","|move|p1a: Skarmory|Spikes|p2a: Registeel","|-sidestart|p2: thecrusher677|Spikes","|cant|p2a: Registeel|slp","|move|p2a: Registeel|Sleep Talk|p2a: Registeel","|move|p2a: Registeel|Rest|p2a: Registeel|[from]Sleep Talk","|","|upkeep","|turn|5","||adding 10 for new turn","|","|t:|1752738560","|move|p1a: Skarmory|Drill Peck|p2a: Registeel","|-resisted|p2a: Registeel","|-damage|p2a: Registeel|150/187 slp","|-curestatus|p2a: Registeel|slp|[msg]","|move|p2a: Registeel|Sleep Talk|p2a: Registeel","|","|-heal|p2a: Registeel|161/187|[from] item: Leftovers","|upkeep","|turn|6","||adding 10 for new turn","|","|t:|1752738564","|move|p1a: Skarmory|Drill Peck|p2a: Registeel","|-resisted|p2a: Registeel","|-damage|p2a: Registeel|123/187","|move|p2a: Registeel|Curse|p2a: Registeel","|-unboost|p2a: Registeel|spe|1","|-boost|p2a: Registeel|atk|1","|-boost|p2a: Registeel|def|1","|","|-heal|p2a: Registeel|134/187|[from] item: Leftovers","|upkeep","|turn|7","||adding 10 for new turn","|","|t:|1752738567","|move|p1a: Skarmory|Drill Peck|p2a: Registeel","|-resisted|p2a: Registeel","|-damage|p2a: Registeel|108/187","|move|p2a: Registeel|Curse|p2a: Registeel","|-unboost|p2a: Registeel|spe|1","|-boost|p2a: Registeel|atk|1","|-boost|p2a: Registeel|def|1","|","|-heal|p2a: Registeel|119/187|[from] item: Leftovers","|upkeep","|turn|8","||adding 10 for new turn","|","|t:|1752738571","|move|p1a: Skarmory|Spikes|p2a: Registeel","|-sidestart|p2: thecrusher677|Spikes","|move|p2a: Registeel|Curse|p2a: Registeel","|-unboost|p2a: Registeel|spe|1","|-boost|p2a: Registeel|atk|1","|-boost|p2a: Registeel|def|1","|","|-heal|p2a: Registeel|130/187|[from] item: Leftovers","|upkeep","|turn|9","||adding 10 for new turn","|","|t:|1752738574","|move|p1a: Skarmory|Drill Peck|p2a: Registeel","|-resisted|p2a: Registeel","|-damage|p2a: Registeel|111/187","|move|p2a: Registeel|Curse|p2a: Registeel","|-unboost|p2a: Registeel|spe|1","|-boost|p2a: Registeel|atk|1","|-boost|p2a: Registeel|def|1","|","|-heal|p2a: Registeel|122/187|[from] item: Leftovers","|upkeep","|turn|10","||adding 10 for new turn","|","|t:|1752738578","|move|p1a: Skarmory|Drill Peck|p2a: Registeel","|-resisted|p2a: Registeel","|-damage|p2a: Registeel|107/187","|move|p2a: Registeel|Curse|p2a: Registeel","|-unboost|p2a: Registeel|spe|1","|-boost|p2a: Registeel|atk|1","|-boost|p2a: Registeel|def|1","|","|-heal|p2a: Registeel|118/187|[from] item: Leftovers","|upkeep","|turn|11","||adding 10 for new turn","|","|t:|1752738582","|move|p2a: Registeel|Rollout|p1a: Skarmory","|-damage|p1a: Skarmory|322/334","|move|p1a: Skarmory|Roar|p2a: Registeel","|drag|p2a: Cloyster|Cloyster, L5, F|24/24","|-damage|p2a: Cloyster|18/24|[from] Spikes","|","|-heal|p1a: Skarmory|334/334|[from] item: Leftovers","|-heal|p2a: Cloyster|19/24|[from] item: Leftovers","|upkeep","|turn|12","||adding 10 for new turn","|inactive|thecrusher677 has 270 seconds left.","|inactive|thecrusher677 has 240 seconds left.","|","|t:|1752738648","|switch|p2a: Registeel|Registeel, L50|118/187","|-damage|p2a: Registeel|72/187|[from] Spikes","|move|p1a: Skarmory|Drill Peck|p2a: Registeel","|-resisted|p2a: Registeel","|-damage|p2a: Registeel|22/187","|","|-heal|p2a: Registeel|33/187|[from] item: Leftovers","|upkeep","|turn|13","||adding 10 for new turn","|inactive|thecrusher677 has 240 seconds left.","|","|t:|1752738663","|move|p1a: Skarmory|Drill Peck|p2a: Registeel","|-resisted|p2a: Registeel","|-damage|p2a: Registeel|0 fnt","|faint|p2a: Registeel","||adding 5 to each for mid turn request","|","|t:|1752738666","|switch|p2a: Cloyster|Cloyster, L5, F|19/24","|-damage|p2a: Cloyster|13/24|[from] Spikes","|","|-heal|p2a: Cloyster|14/24|[from] item: Leftovers","|upkeep","|turn|14","||adding 10 for new turn","|","|t:|1752738668","|move|p1a: Skarmory|Drill Peck|p2a: Cloyster","|-damage|p2a: Cloyster|0 fnt","|faint|p2a: Cloyster","|","|win|foulplaytest1.1",""],"p1rating":null,"p2rating":null,"endType":"normal","ladderError":true,"timestamp":"Thu Jul 17 2025 00:51:08 GMT-0700 (アメリカ太平洋夏時間)","roomid":"battle-gen3ou-810","format":"gen3ou"}