{"winner":"foultestchallenge1","seed":"sodium,f5a012163d2e1ed8d61afcb964ae1f57","turns":19,"p1":"foultestchallenge1","p2":"foultestacceptor1","p1team":[{"name":"Medicham","species":"Medicham","item":"Salac Berry","ability":"Pure Power","moves":["Brick Break","Focus Punch","Rock Slide","Shadow Ball"],"nature":"Jolly","evs":{"hp":4,"atk":252,"def":0,"spa":0,"spd":0,"spe":252},"gender":"F","level":100,"ivs":{"hp":31,"atk":31,"def":31,"spa":31,"spd":31,"spe":31}},{"name":"Magneton","species":"Magneton","item":"Magnet","ability":"Magnet Pull","moves":["Thunderbolt","Hidden Power Fire","Toxic","Rain Dance"],"nature":"Modest","evs":{"hp":4,"atk":0,"def":0,"spa":252,"spd":0,"spe":252},"gender":"N","ivs":{"hp":31,"atk":2,"def":31,"spa":30,"spd":31,"spe":30},"happiness":255,"hpType":"Fire","pokeball":"","gigantamax":false,"dynamaxLevel":10,"teraType":"","level":100},{"name":"Snorlax","species":"Snorlax","item":"Leftovers","ability":"Immunity","moves":["Self-Destruct","Body Slam","Shadow Ball","Earthquake"],"nature":"Adamant","evs":{"hp":92,"atk":116,"def":144,"spa":0,"spd":144,"spe":12},"gender":"F","level":100,"ivs":{"hp":31,"atk":31,"def":31,"spa":31,"spd":31,"spe":31}},{"name":"Suicune","species":"Suicune","item":"Leftovers","ability":"Pressure","moves":["Calm Mind","Surf","Rest","Ice Beam"],"nature":"Calm","evs":{"hp":252,"atk":0,"def":0,"spa":180,"spd":68,"spe":8},"gender":"N","ivs":{"hp":31,"atk":0,"def":31,"spa":31,"spd":31,"spe":31},"level":100},{"name":"Salamence","species":"Salamence","item":"Leftovers","ability":"Intimidate","moves":["Dragon Dance","Hidden Power Flying","Rock Slide","Earthquake"],"nature":"Adamant","evs":{"hp":0,"atk":156,"def":0,"spa":0,"spd":140,"spe":212},"gender":"F","ivs":{"hp":31,"atk":31,"def":31,"spa":30,"spd":30,"spe":30},"happiness":255,"hpType":"Flying","pokeball":"","gigantamax":false,"dynamaxLevel":10,"teraType":"","level":100},{"name":"Metagross","species":"Metagross","item":"Leftovers","ability":"Clear Body","moves":["Agility","Meteor Mash","Earthquake","Explosion"],"nature":"Adamant","evs":{"hp":252,"atk":144,"def":24,"spa":0,"spd":0,"spe":88},"gender":"N","level":100,"ivs":{"hp":31,"atk":31,"def":31,"spa":31,"spd":31,"spe":31}}],"p2team":[{"name":"Zapdos","species":"Zapdos","item":"Leftovers","ability":"Pressure","moves":["Thunderbolt","Hidden Power Grass","Baton Pass","Roar"],"nature":"Modest","evs":{"hp":0,"atk":0,"def":0,"spa":220,"spd":48,"spe":240},"gender":"N","ivs":{"hp":31,"atk":2,"def":31,"spa":30,"spd":31,"spe":31},"happiness":255,"hpType":"Grass","pokeball":"","gigantamax":false,"dynamaxLevel":10,"teraType":"","level":100},{"name":"Metagross","species":"Metagross","item":"Choice Band","ability":"Clear Body","moves":["Meteor Mash","Explosion","Earthquake","Rock Slide"],"nature":"Adamant","evs":{"hp":128,"atk":252,"def":0,"spa":0,"spd":0,"spe":128},"gender":"N","level":100,"ivs":{"hp":31,"atk":31,"def":31,"spa":31,"spd":31,"spe":31}},{"name":"Celebi","species":"Celebi","item":"Leftovers","ability":"Natural Cure","moves":["Calm Mind","Giga Drain","Hidden Power Ice","Baton Pass"],"nature":"Timid","evs":{"hp":208,"atk":0,"def":84,"spa":36,"spd":0,"spe":180},"gender":"N","ivs":{"hp":31,"atk":3,"def":31,"spa":31,"spd":31,"spe":30},"happiness":255,"hpType":"Ice","pokeball":"","gigantamax":false,"dynamaxLevel":10,"teraType":"","level":100},{"name":"Gengar","species":"Gengar","item":"Leftovers","ability":"Levitate","moves":["Thunderbolt","Ice Punch","Giga Drain","Explosion"],"nature":"Timid","evs":{"hp":8,"atk":0,"def":200,"spa":116,"spd":0,"spe":184},"gender":"F","level":100,"ivs":{"hp":31,"atk":31,"def":31,"spa":31,"spd":31,"spe":31}},{"name":"Swampert","species":"Swampert","item":"Leftovers","ability":"Torrent","moves":["Hydro Pump","Earthquake","Ice Beam","Refresh"],"nature":"Quiet","evs":{"hp":240,"atk":0,"def":12,"spa":216,"spd":0,"spe":40},"gender":"M","level":100,"ivs":{"hp":31,"atk":31,"def":31,"spa":31,"spd":31,"spe":31}},{"name":"Charizard","species":"Charizard","item":"Leftovers","ability":"Blaze","moves":["Substitute","Hidden Power Grass","Fire Blast","Focus Punch"],"nature":"Mild","evs":{"hp":0,"atk":4,"def":0,"spa":252,"spd":0,"spe":252},"gender":"F","ivs":{"hp":31,"atk":30,"def":31,"spa":30,"spd":31,"spe":31},"happiness":255,"hpType":"Grass","pokeball":"","gigantamax":false,"dynamaxLevel":10,"teraType":"","level":100}],"score":[5,0],"inputLog":[">version 372d05e49c92a79eecdf6c8dddb208bd1765c00f",">start {\"formatid\":\"gen3ou\",\"seed\":\"sodium,f5a012163d2e1ed8d61afcb964ae1f57\"}",">player p1 {\"name\":\"foultestchallenge1\",\"avatar\":\"102\",\"team\":\"Medicham||SalacBerry|PurePower|BrickBreak,FocusPunch,RockSlide,ShadowBall|Jolly|4,252,,,,252|F||||]Magneton||Magnet|MagnetPull|Thunderbolt,HiddenPowerFire,Toxic,RainDance|Modest|4,,,252,,252|N|,2,,30,,30|||,Fire,,,,]Snorlax||Leftovers|Immunity|SelfDestruct,BodySlam,ShadowBall,Earthquake|Adamant|92,116,144,,144,12|F||||]Suicune||Leftovers|Pressure|CalmMind,Surf,Rest,IceBeam|Calm|252,,,180,68,8|N|,0,,,,|||]Salamence||Leftovers|Intimidate|DragonDance,HiddenPowerFlying,RockSlide,Earthquake|Adamant|,156,,,140,212|F|,,,30,30,30|||,Flying,,,,]Metagross||Leftovers|ClearBody|Agility,MeteorMash,Earthquake,Explosion|Adamant|252,144,24,,,88|N||||\",\"rating\":0}",">player p2 {\"name\":\"foultestacceptor1\",\"avatar\":\"102\",\"team\":\"Zapdos||Leftovers|Pressure|Thunderbolt,HiddenPowerGrass,BatonPass,Roar|Modest|,,,220,48,240|N|,2,,30,,|||,Grass,,,,]Metagross||ChoiceBand|ClearBody|MeteorMash,Explosion,Earthquake,RockSlide|Adamant|128,252,,,,128|N||||]Celebi||Leftovers|NaturalCure|CalmMind,GigaDrain,HiddenPowerIce,BatonPass|Timid|208,,84,36,,180|N|,3,,,,30|||,Ice,,,,]Gengar||Leftovers|Levitate|Thunderbolt,IcePunch,GigaDrain,Explosion|Timid|8,,200,116,,184|F||||]Swampert||Leftovers|Torrent|HydroPump,Earthquake,IceBeam,Refresh|Quiet|240,,12,216,,40|M||||]Charizard||Leftovers|Blaze|Substitute,HiddenPowerGrass,FireBlast,FocusPunch|Mild|,4,,252,,252|F|,30,,30,,|||,Grass,,,,\",\"rating\":0}",">p1 move rockslide",">p2 move thunderbolt",">p1 move brickbreak",">p2 switch 2",">p1 move brickbreak",">p2 move earthquake",">p1 switch 2",">p1 move hiddenpower",">p2 move earthquake",">p2 switch 5",">p1 switch 4",">p2 move earthquake",">p1 move calmmind",">p2 move earthquake",">p1 move surf",">p2 move earthquake",">p1 move surf",">p2 move earthquake",">p2 switch 2",">p1 switch 3",">p2 move thunderbolt",">p1 move bodyslam",">p2 move thunderbolt",">p2 switch 6",">p1 move bodyslam",">p2 move fireblast",">p1 switch 5",">p2 move fireblast",">p1 switch 3",">p2 move fireblast",">p1 switch 3",">p2 move hiddenpower",">p1 move dragondance",">p2 switch 4",">p1 move hiddenpower",">p2 move icepunch",">p2 switch 4",">p1 move hiddenpower",">p2 switch 3",">p1 move hiddenpower",">p2 move calmmind",">p2 switch 3",">p1 move hiddenpower",">p2 move substitute"],"log":["|j|☆foultestchallenge1","|j|☆foultestacceptor1","|t:|1752921793","|gametype|singles","|player|p1|foultestchallenge1|102|","|player|p2|foultestacceptor1|102|","|teamsize|p1|6","|teamsize|p2|6","|gen|3","|tier|[Gen 3] OU","|rule|Sleep Clause Mod: Limit one foe put to sleep","|rule|Switch Priority Clause Mod: Faster Pokémon switch first","|rule|Species Clause: Limit one of each Pokémon","|rule|OHKO Clause: OHKO moves are banned","|rule|Evasion Items Clause: Evasion items are banned","|rule|Evasion Moves Clause: Evasion moves are banned","|rule|Endless Battle Clause: Forcing endless battles is banned","|rule|HP Percentage Mod: HP is shown in percentages","|rule|One Boost Passer Clause: Limit one Baton Passer that has a way to boost its stats","|rule|Freeze Clause Mod: Limit one foe frozen","|","|t:|1752921793","|start","|switch|p1a: Medicham|Medicham, F|262/262","|switch|p2a: Zapdos|Zapdos|321/321","|-ability|p2a: Zapdos|Pressure|[silent]","|turn|1","|inactive|Battle timer is ON: inactive players will automatically lose when time's up. (requested by foultestchallenge1)","|inactive|foultestacceptor1 also wants the timer to be on.","|","|t:|1752921794","|move|p2a: Zapdos|Thunderbolt|p1a: Medicham","|-damage|p1a: Medicham|51/262","|move|p1a: Medicham|Rock Slide|p2a: Zapdos","|-supereffective|p2a: Zapdos","|-damage|p2a: Zapdos|54/321","|","|-heal|p2a: Zapdos|74/321|[from] item: Leftovers","|-enditem|p1a: Medicham|Salac Berry|[eat]","|-boost|p1a: Medicham|spe|1|[from] item: Salac Berry","|upkeep","|turn|2","||adding 10 for new turn","|","|t:|1752921796","|switch|p2a: Metagross|Metagross|333/333","|move|p1a: Medicham|Brick Break|p2a: Metagross","|-damage|p2a: Metagross|191/333","|","|upkeep","|turn|3","||adding 10 for new turn","|","|t:|1752921797","|move|p1a: Medicham|Brick Break|p2a: Metagross","|-damage|p2a: Metagross|64/333","|move|p2a: Metagross|Earthquake|p1a: Medicham","|-damage|p1a: Medicham|0 fnt","|faint|p1a: Medicham","||adding 5 to each for mid turn request","|","|t:|1752921798","|switch|p1a: Magneton|Magneton|242/242","|","|upkeep","|turn|4","||adding 10 for new turn","|","|t:|1752921799","|move|p1a: Magneton|Hidden Power|p2a: Metagross","|-supereffective|p2a: Metagross","|-damage|p2a: Metagross|0 fnt","|faint|p2a: Metagross","||adding 5 to each for mid turn request","|","|t:|1752921800","|switch|p2a: Swampert|Swampert, M|401/401","|","|upkeep","|turn|5","||adding 10 for new turn","|","|t:|1752921801","|switch|p1a: Suicune|Suicune|404/404","|-ability|p1a: Suicune|Pressure|[silent]","|move|p2a: Swampert|Earthquake|p1a: Suicune","|-damage|p1a: Suicune|296/404","|","|-heal|p1a: Suicune|321/404|[from] item: Leftovers","|upkeep","|turn|6","||adding 10 for new turn","|","|t:|1752921802","|move|p1a: Suicune|Calm Mind|p1a: Suicune","|-boost|p1a: Suicune|spa|1","|-boost|p1a: Suicune|spd|1","|move|p2a: Swampert|Earthquake|p1a: Suicune","|-damage|p1a: Suicune|200/404","|","|-heal|p1a: Suicune|225/404|[from] item: Leftovers","|upkeep","|turn|7","||adding 10 for new turn","|","|t:|1752921803","|move|p1a: Suicune|Surf|p2a: Swampert","|-damage|p2a: Swampert|204/401","|move|p2a: Swampert|Earthquake|p1a: Suicune","|-damage|p1a: Suicune|102/404","|","|-heal|p1a: Suicune|127/404|[from] item: Leftovers","|-heal|p2a: Swampert|229/401|[from] item: Leftovers","|upkeep","|turn|8","||adding 10 for new turn","|","|t:|1752921804","|move|p1a: Suicune|Surf|p2a: Swampert","|-crit|p2a: Swampert","|-damage|p2a: Swampert|0 fnt","|faint|p2a: Swampert","||adding 5 to each for mid turn request","|","|t:|1752921805","|switch|p2a: Zapdos|Zapdos|74/321","|-ability|p2a: Zapdos|Pressure|[silent]","|","|-heal|p2a: Zapdos|94/321|[from] item: Leftovers","|-heal|p1a: Suicune|152/404|[from] item: Leftovers","|upkeep","|turn|9","||adding 10 for new turn","|","|t:|1752921806","|switch|p1a: Snorlax|Snorlax, F|484/484","|move|p2a: Zapdos|Thunderbolt|p1a: Snorlax","|-damage|p1a: Snorlax|347/484","|","|-heal|p2a: Zapdos|114/321|[from] item: Leftovers","|-heal|p1a: Snorlax|377/484|[from] item: Leftovers","|upkeep","|turn|10","||adding 10 for new turn","|","|t:|1752921807","|move|p2a: Zapdos|Thunderbolt|p1a: Snorlax","|-damage|p1a: Snorlax|237/484","|move|p1a: Snorlax|Body Slam|p2a: Zapdos","|-damage|p2a: Zapdos|0 fnt","|faint|p2a: Zapdos","||adding 5 to each for mid turn request","|","|t:|1752921808","|switch|p2a: Charizard|Charizard, F|297/297","|","|-heal|p1a: Snorlax|267/484|[from] item: Leftovers","|upkeep","|turn|11","||adding 10 for new turn","|","|t:|1752921809","|move|p2a: Charizard|Fire Blast|p1a: Snorlax","|-damage|p1a: Snorlax|112/484","|move|p1a: Snorlax|Body Slam|p2a: Charizard","|-damage|p2a: Charizard|121/297","|","|-heal|p2a: Charizard|139/297|[from] item: Leftovers","|-heal|p1a: Snorlax|142/484|[from] item: Leftovers","|upkeep","|turn|12","||adding 10 for new turn","|","|t:|1752921810","|switch|p1a: Salamence|Salamence, F|331/331","|-ability|p1a: Salamence|Intimidate|boost","|-unboost|p2a: Charizard|atk|1","|move|p2a: Charizard|Fire Blast|p1a: Salamence|[miss]","|-miss|p2a: Charizard|p1a: Salamence","|","|-heal|p2a: Charizard|157/297|[from] item: Leftovers","|upkeep","|turn|13","||adding 10 for new turn","|","|t:|1752921811","|switch|p1a: Suicune|Suicune|152/404","|-ability|p1a: Suicune|Pressure|[silent]","|move|p2a: Charizard|Fire Blast|p1a: Suicune","|-resisted|p1a: Suicune","|-damage|p1a: Suicune|74/404","|","|-heal|p2a: Charizard|175/297|[from] item: Leftovers","|-heal|p1a: Suicune|99/404|[from] item: Leftovers","|upkeep","|turn|14","||adding 10 for new turn","|","|t:|1752921812","|switch|p1a: Salamence|Salamence, F|331/331","|-ability|p1a: Salamence|Intimidate|boost","|-unboost|p2a: Charizard|atk|1","|move|p2a: Charizard|Hidden Power|p1a: Salamence","|-resisted|p1a: Salamence","|-damage|p1a: Salamence|309/331","|","|-heal|p2a: Charizard|193/297|[from] item: Leftovers","|-heal|p1a: Salamence|329/331|[from] item: Leftovers","|upkeep","|turn|15","||adding 10 for new turn","|","|t:|1752921813","|switch|p2a: Gengar|Gengar, F|263/263","|move|p1a: Salamence|Dragon Dance|p1a: Salamence","|-boost|p1a: Salamence|atk|1","|-boost|p1a: Salamence|spe|1","|","|-heal|p1a: Salamence|331/331|[from] item: Leftovers","|upkeep","|turn|16","||adding 10 for new turn","|","|t:|1752921814","|move|p1a: Salamence|Hidden Power|p2a: Gengar","|-crit|p2a: Gengar","|-damage|p2a: Gengar|0 fnt","|faint|p2a: Gengar","||adding 5 to each for mid turn request","|","|t:|1752921815","|switch|p2a: Charizard|Charizard, F|193/297","|","|-heal|p2a: Charizard|211/297|[from] item: Leftovers","|upkeep","|turn|17","||adding 10 for new turn","|","|t:|1752921816","|switch|p2a: Celebi|Celebi|393/393","|move|p1a: Salamence|Hidden Power|p2a: Celebi","|-supereffective|p2a: Celebi","|-damage|p2a: Celebi|29/393","|","|-heal|p2a: Celebi|53/393|[from] item: Leftovers","|upkeep","|turn|18","||adding 10 for new turn","|","|t:|1752921817","|move|p1a: Salamence|Hidden Power|p2a: Celebi","|-supereffective|p2a: Celebi","|-damage|p2a: Celebi|0 fnt","|faint|p2a: Celebi","||adding 5 to each for mid turn request","|","|t:|1752921818","|switch|p2a: Charizard|Charizard, F|211/297","|","|-heal|p2a: Charizard|229/297|[from] item: Leftovers","|upkeep","|turn|19","||adding 10 for new turn","|","|t:|1752921818","|move|p1a: Salamence|Hidden Power|p2a: Charizard","|-damage|p2a: Charizard|0 fnt","|faint|p2a: Charizard","|","|win|foultestchallenge1",""],"p1rating":null,"p2rating":null,"endType":"normal","ladderError":true,"timestamp":"Sat Jul 19 2025 03:43:38 GMT-0700 (アメリカ太平洋夏時間)","roomid":"battle-gen3ou-905","format":"gen3ou"}