{"winner":"foultestchallenge1","seed":"sodium,cb914690c3ba078e4ea2ab51272ff57f","turns":16,"p1":"foultestchallenge1","p2":"foultestacceptor1","p1team":[{"name":"Medicham","species":"Medicham","item":"Salac Berry","ability":"Pure Power","moves":["Brick Break","Focus Punch","Rock Slide","Shadow Ball"],"nature":"Jolly","evs":{"hp":4,"atk":252,"def":0,"spa":0,"spd":0,"spe":252},"gender":"M","level":100,"ivs":{"hp":31,"atk":31,"def":31,"spa":31,"spd":31,"spe":31}},{"name":"Magneton","species":"Magneton","item":"Magnet","ability":"Magnet Pull","moves":["Thunderbolt","Hidden Power Fire","Toxic","Rain Dance"],"nature":"Modest","evs":{"hp":4,"atk":0,"def":0,"spa":252,"spd":0,"spe":252},"gender":"N","ivs":{"hp":31,"atk":2,"def":31,"spa":30,"spd":31,"spe":30},"happiness":255,"hpType":"Fire","pokeball":"","gigantamax":false,"dynamaxLevel":10,"teraType":"","level":100},{"name":"Snorlax","species":"Snorlax","item":"Leftovers","ability":"Immunity","moves":["Self-Destruct","Body Slam","Shadow Ball","Earthquake"],"nature":"Adamant","evs":{"hp":92,"atk":116,"def":144,"spa":0,"spd":144,"spe":12},"gender":"M","level":100,"ivs":{"hp":31,"atk":31,"def":31,"spa":31,"spd":31,"spe":31}},{"name":"Suicune","species":"Suicune","item":"Leftovers","ability":"Pressure","moves":["Calm Mind","Surf","Rest","Ice Beam"],"nature":"Calm","evs":{"hp":252,"atk":0,"def":0,"spa":180,"spd":68,"spe":8},"gender":"N","ivs":{"hp":31,"atk":0,"def":31,"spa":31,"spd":31,"spe":31},"level":100},{"name":"Salamence","species":"Salamence","item":"Leftovers","ability":"Intimidate","moves":["Dragon Dance","Hidden Power Flying","Rock Slide","Earthquake"],"nature":"Adamant","evs":{"hp":0,"atk":156,"def":0,"spa":0,"spd":140,"spe":212},"gender":"F","ivs":{"hp":31,"atk":31,"def":31,"spa":30,"spd":30,"spe":30},"happiness":255,"hpType":"Flying","pokeball":"","gigantamax":false,"dynamaxLevel":10,"teraType":"","level":100},{"name":"Metagross","species":"Metagross","item":"Leftovers","ability":"Clear Body","moves":["Agility","Meteor Mash","Earthquake","Explosion"],"nature":"Adamant","evs":{"hp":252,"atk":144,"def":24,"spa":0,"spd":0,"spe":88},"gender":"N","level":100,"ivs":{"hp":31,"atk":31,"def":31,"spa":31,"spd":31,"spe":31}}],"p2team":[{"name":"Skarmory","species":"Skarmory","item":"Leftovers","ability":"Keen Eye","moves":["Spikes","Roar","Toxic","Protect"],"nature":"Careful","evs":{"hp":252,"atk":0,"def":0,"spa":0,"spd":252,"spe":4},"gender":"M","ivs":{"hp":31,"atk":0,"def":31,"spa":31,"spd":31,"spe":31},"level":100},{"name":"Jolteon","species":"Jolteon","item":"Leftovers","ability":"Volt Absorb","moves":["Thunderbolt","Thunder Wave","Hidden Power Grass","Baton Pass"],"nature":"Timid","evs":{"hp":4,"atk":0,"def":0,"spa":252,"spd":0,"spe":252},"gender":"F","ivs":{"hp":31,"atk":2,"def":31,"spa":30,"spd":31,"spe":31},"happiness":255,"hpType":"Grass","pokeball":"","gigantamax":false,"dynamaxLevel":10,"teraType":"","level":100},{"name":"Tyranitar","species":"Tyranitar","item":"Leftovers","ability":"Sand Stream","moves":["Focus Punch","Earthquake","Hidden Power Bug","Rock Slide"],"nature":"Adamant","evs":{"hp":252,"atk":252,"def":4,"spa":0,"spd":0,"spe":0},"gender":"F","ivs":{"hp":31,"atk":31,"def":31,"spa":31,"spd":30,"spe":30},"happiness":255,"hpType":"Bug","pokeball":"","gigantamax":false,"dynamaxLevel":10,"teraType":"","level":100},{"name":"Gengar","species":"Gengar","item":"Leftovers","ability":"Levitate","moves":["Ice Punch","Fire Punch","Hidden Power Grass","Explosion"],"nature":"Hasty","evs":{"hp":40,"atk":0,"def":0,"spa":252,"spd":0,"spe":216},"gender":"F","ivs":{"hp":31,"atk":30,"def":31,"spa":30,"spd":31,"spe":31},"happiness":255,"hpType":"Grass","pokeball":"","gigantamax":false,"dynamaxLevel":10,"teraType":"","level":100},{"name":"Metagross","species":"Metagross","item":"Choice Band","ability":"Clear Body","moves":["Meteor Mash","Earthquake","Rock Slide","Explosion"],"nature":"Adamant","evs":{"hp":68,"atk":252,"def":0,"spa":0,"spd":0,"spe":188},"gender":"N","level":100,"ivs":{"hp":31,"atk":31,"def":31,"spa":31,"spd":31,"spe":31}},{"name":"Starmie","species":"Starmie","item":"Leftovers","ability":"Natural Cure","moves":["Hydro Pump","Thunderbolt","Ice Beam","Psychic"],"nature":"Timid","evs":{"hp":4,"atk":0,"def":0,"spa":252,"spd":0,"spe":252},"gender":"N","ivs":{"hp":31,"atk":0,"def":31,"spa":31,"spd":31,"spe":31},"level":100}],"score":[3,0],"inputLog":[">version 372d05e49c92a79eecdf6c8dddb208bd1765c00f",">start {\"formatid\":\"gen3ou\",\"seed\":\"sodium,cb914690c3ba078e4ea2ab51272ff57f\"}",">player p1 {\"name\":\"foultestchallenge1\",\"avatar\":\"1\",\"team\":\"Medicham||SalacBerry|PurePower|BrickBreak,FocusPunch,RockSlide,ShadowBall|Jolly|4,252,,,,252|M||||]Magneton||Magnet|MagnetPull|Thunderbolt,HiddenPowerFire,Toxic,RainDance|Modest|4,,,252,,252|N|,2,,30,,30|||,Fire,,,,]Snorlax||Leftovers|Immunity|SelfDestruct,BodySlam,ShadowBall,Earthquake|Adamant|92,116,144,,144,12|M||||]Suicune||Leftovers|Pressure|CalmMind,Surf,Rest,IceBeam|Calm|252,,,180,68,8|N|,0,,,,|||]Salamence||Leftovers|Intimidate|DragonDance,HiddenPowerFlying,RockSlide,Earthquake|Adamant|,156,,,140,212|F|,,,30,30,30|||,Flying,,,,]Metagross||Leftovers|ClearBody|Agility,MeteorMash,Earthquake,Explosion|Adamant|252,144,24,,,88|N||||\",\"rating\":0}",">player p2 {\"name\":\"foultestacceptor1\",\"avatar\":\"169\",\"team\":\"Skarmory||Leftovers|KeenEye|Spikes,Roar,Toxic,Protect|Careful|252,,,,252,4|M|,0,,,,|||]Jolteon||Leftovers|VoltAbsorb|Thunderbolt,ThunderWave,HiddenPowerGrass,BatonPass|Timid|4,,,252,,252|F|,2,,30,,|||,Grass,,,,]Tyranitar||Leftovers|SandStream|FocusPunch,Earthquake,HiddenPowerBug,RockSlide|Adamant|252,252,4,,,|F|,,,,30,30|||,Bug,,,,]Gengar||Leftovers|Levitate|IcePunch,FirePunch,HiddenPowerGrass,Explosion|Hasty|40,,,252,,216|F|,30,,30,,|||,Grass,,,,]Metagross||ChoiceBand|ClearBody|MeteorMash,Earthquake,RockSlide,Explosion|Adamant|68,252,,,,188|N||||]Starmie||Leftovers|NaturalCure|HydroPump,Thunderbolt,IceBeam,Psychic|Timid|4,,,252,,252|N|,0,,,,|||\",\"rating\":0}",">p1 switch 2",">p2 move spikes",">p1 move thunderbolt",">p2 move spikes",">p2 switch 3",">p1 move thunderbolt",">p2 move earthquake",">p1 switch 4",">p1 move calmmind",">p2 switch 2",">p1 move icebeam",">p2 move thunderbolt",">p1 move surf",">p2 move thunderbolt",">p2 switch 6",">p1 move rest",">p2 move thunderbolt",">p1 switch 3",">p1 move bodyslam",">p2 switch 5",">p1 move earthquake",">p2 move meteormash",">p1 move selfdestruct",">p2 move meteormash",">p1 switch 6",">p1 move agility",">p2 move meteormash",">p1 move meteormash",">p2 switch 4",">p2 switch 5",">p1 move earthquake",">p2 move thunderbolt",">p1 move earthquake",">p2 switch 2",">p2 switch 4",">p1 move earthquake",">p2 move rockslide",">p2 switch 2",">p1 move earthquake",">p2 move thunderbolt"],"log":["|j|☆foultestchallenge1","|j|☆foultestacceptor1","|t:|1752970762","|gametype|singles","|player|p1|foultestchallenge1|1|","|player|p2|foultestacceptor1|169|","|teamsize|p1|6","|teamsize|p2|6","|gen|3","|tier|[Gen 3] OU","|rule|Sleep Clause Mod: Limit one foe put to sleep","|rule|Switch Priority Clause Mod: Faster Pokémon switch first","|rule|Species Clause: Limit one of each Pokémon","|rule|OHKO Clause: OHKO moves are banned","|rule|Evasion Items Clause: Evasion items are banned","|rule|Evasion Moves Clause: Evasion moves are banned","|rule|Endless Battle Clause: Forcing endless battles is banned","|rule|HP Percentage Mod: HP is shown in percentages","|rule|One Boost Passer Clause: Limit one Baton Passer that has a way to boost its stats","|rule|Freeze Clause Mod: Limit one foe frozen","|","|t:|1752970762","|start","|switch|p1a: Medicham|Medicham, M|262/262","|switch|p2a: Skarmory|Skarmory, M|334/334","|turn|1","|inactive|Battle timer is ON: inactive players will automatically lose when time's up. (requested by foultestacceptor1)","|inactive|foultestchallenge1 also wants the timer to be on.","|","|t:|1752970770","|switch|p1a: Magneton|Magneton|242/242","|move|p2a: Skarmory|Spikes|p1a: Magneton","|-sidestart|p1: foultestchallenge1|Spikes","|","|upkeep","|turn|2","||adding 10 for new turn","|","|t:|1752970778","|move|p1a: Magneton|Thunderbolt|p2a: Skarmory","|-supereffective|p2a: Skarmory","|-damage|p2a: Skarmory|0 fnt","|faint|p2a: Skarmory","||adding 5 to each for mid turn request","|","|t:|1752970785","|switch|p2a: Tyranitar|Tyranitar, F|404/404","|-weather|Sandstorm|[from] ability: Sand Stream|[of] p2a: Tyranitar","|","|-weather|Sandstorm|[upkeep]","|upkeep","|turn|3","||adding 10 for new turn","|","|t:|1752970793","|move|p1a: Magneton|Thunderbolt|p2a: Tyranitar","|-damage|p2a: Tyranitar|194/404","|move|p2a: Tyranitar|Earthquake|p1a: Magneton","|-supereffective|p1a: Magneton","|-damage|p1a: Magneton|0 fnt","|faint|p1a: Magneton","||adding 5 to each for mid turn request","|","|t:|1752970801","|switch|p1a: Suicune|Suicune|404/404","|-damage|p1a: Suicune|354/404|[from] Spikes","|-ability|p1a: Suicune|Pressure|[silent]","|","|-weather|Sandstorm|[upkeep]","|-damage|p1a: Suicune|329/404|[from] Sandstorm","|-heal|p1a: Suicune|354/404|[from] item: Leftovers","|-heal|p2a: Tyranitar|219/404|[from] item: Leftovers","|upkeep","|turn|4","||adding 10 for new turn","|","|t:|1752970809","|switch|p2a: Jolteon|Jolteon, F|272/272","|move|p1a: Suicune|Calm Mind|p1a: Suicune","|-boost|p1a: Suicune|spa|1","|-boost|p1a: Suicune|spd|1","|","|-weather|Sandstorm|[upkeep]","|-damage|p2a: Jolteon|255/272|[from] Sandstorm","|-damage|p1a: Suicune|329/404|[from] Sandstorm","|-heal|p2a: Jolteon|272/272|[from] item: Leftovers","|-heal|p1a: Suicune|354/404|[from] item: Leftovers","|upkeep","|turn|5","||adding 10 for new turn","|","|t:|1752970816","|move|p2a: Jolteon|Thunderbolt|p1a: Suicune","|-supereffective|p1a: Suicune","|-damage|p1a: Suicune|195/404","|move|p1a: Suicune|Ice Beam|p2a: Jolteon","|-damage|p2a: Jolteon|138/272","|","|-weather|Sandstorm|[upkeep]","|-damage|p2a: Jolteon|121/272|[from] Sandstorm","|-damage|p1a: Suicune|170/404|[from] Sandstorm","|-heal|p2a: Jolteon|138/272|[from] item: Leftovers","|-heal|p1a: Suicune|195/404|[from] item: Leftovers","|upkeep","|turn|6","||adding 10 for new turn","|","|t:|1752970824","|move|p2a: Jolteon|Thunderbolt|p1a: Suicune","|-supereffective|p1a: Suicune","|-damage|p1a: Suicune|33/404","|move|p1a: Suicune|Surf|p2a: Jolteon","|-damage|p2a: Jolteon|0 fnt","|faint|p2a: Jolteon","||adding 5 to each for mid turn request","|","|t:|1752970828","|switch|p2a: Starmie|Starmie|262/262","|","|-weather|Sandstorm|[upkeep]","|-damage|p2a: Starmie|246/262|[from] Sandstorm","|-damage|p1a: Suicune|8/404|[from] Sandstorm","|-heal|p2a: Starmie|262/262|[from] item: Leftovers","|-heal|p1a: Suicune|33/404|[from] item: Leftovers","|upkeep","|turn|7","||adding 10 for new turn","|","|t:|1752970836","|move|p2a: Starmie|Thunderbolt|p1a: Suicune","|-supereffective|p1a: Suicune","|-damage|p1a: Suicune|0 fnt","|faint|p1a: Suicune","||adding 5 to each for mid turn request","|","|t:|1752970844","|switch|p1a: Snorlax|Snorlax, M|484/484","|-damage|p1a: Snorlax|424/484|[from] Spikes","|","|-weather|Sandstorm|[upkeep]","|-damage|p2a: Starmie|246/262|[from] Sandstorm","|-damage|p1a: Snorlax|394/484|[from] Sandstorm","|-heal|p2a: Starmie|262/262|[from] item: Leftovers","|-heal|p1a: Snorlax|424/484|[from] item: Leftovers","|upkeep","|turn|8","||adding 10 for new turn","|","|t:|1752970851","|switch|p2a: Metagross|Metagross|318/318","|move|p1a: Snorlax|Body Slam|p2a: Metagross","|-resisted|p2a: Metagross","|-damage|p2a: Metagross|264/318","|","|-weather|Sandstorm|[upkeep]","|-damage|p1a: Snorlax|394/484|[from] Sandstorm","|-heal|p1a: Snorlax|424/484|[from] item: Leftovers","|upkeep","|turn|9","||adding 10 for new turn","|","|t:|1752970859","|move|p2a: Metagross|Meteor Mash|p1a: Snorlax","|-damage|p1a: Snorlax|78/484","|move|p1a: Snorlax|Earthquake|p2a: Metagross","|-supereffective|p2a: Metagross","|-damage|p2a: Metagross|110/318","|","|-weather|Sandstorm|[upkeep]","|-damage|p1a: Snorlax|48/484|[from] Sandstorm","|-heal|p1a: Snorlax|78/484|[from] item: Leftovers","|upkeep","|turn|10","||adding 10 for new turn","|","|t:|1752970867","|move|p2a: Metagross|Meteor Mash|p1a: Snorlax","|-damage|p1a: Snorlax|0 fnt","|faint|p1a: Snorlax","||adding 5 to each for mid turn request","|","|t:|1752970875","|switch|p1a: Metagross|Metagross|364/364","|-damage|p1a: Metagross|319/364|[from] Spikes","|","|-weather|Sandstorm|[upkeep]","|-heal|p1a: Metagross|341/364|[from] item: Leftovers","|upkeep","|turn|11","||adding 10 for new turn","|","|t:|1752970883","|move|p2a: Metagross|Meteor Mash|p1a: Metagross","|-resisted|p1a: Metagross","|-damage|p1a: Metagross|222/364","|move|p1a: Metagross|Agility|p1a: Metagross","|-boost|p1a: Metagross|spe|2","|","|-weather|Sandstorm|[upkeep]","|-heal|p1a: Metagross|244/364|[from] item: Leftovers","|upkeep","|turn|12","||adding 10 for new turn","|","|t:|1752970891","|switch|p2a: Gengar|Gengar, F|271/271","|move|p1a: Metagross|Meteor Mash|p2a: Gengar","|-damage|p2a: Gengar|0 fnt","|-boost|p1a: Metagross|atk|1","|faint|p2a: Gengar","||adding 5 to each for mid turn request","|","|t:|1752970898","|switch|p2a: Starmie|Starmie|262/262","|","|-weather|Sandstorm|[upkeep]","|-damage|p2a: Starmie|246/262|[from] Sandstorm","|-heal|p1a: Metagross|266/364|[from] item: Leftovers","|-heal|p2a: Starmie|262/262|[from] item: Leftovers","|upkeep","|turn|13","||adding 10 for new turn","|","|t:|1752970905","|move|p1a: Metagross|Earthquake|p2a: Starmie","|-damage|p2a: Starmie|38/262","|move|p2a: Starmie|Thunderbolt|p1a: Metagross","|-damage|p1a: Metagross|154/364","|","|-weather|Sandstorm|[upkeep]","|-damage|p2a: Starmie|22/262|[from] Sandstorm","|-heal|p1a: Metagross|176/364|[from] item: Leftovers","|-heal|p2a: Starmie|38/262|[from] item: Leftovers","|upkeep","|turn|14","||adding 10 for new turn","|","|t:|1752970913","|switch|p2a: Tyranitar|Tyranitar, F|219/404","|move|p1a: Metagross|Earthquake|p2a: Tyranitar","|-supereffective|p2a: Tyranitar","|-damage|p2a: Tyranitar|0 fnt","|faint|p2a: Tyranitar","||adding 5 to each for mid turn request","|","|t:|1752970916","|switch|p2a: Metagross|Metagross|110/318","|","|-weather|Sandstorm|[upkeep]","|-heal|p1a: Metagross|198/364|[from] item: Leftovers","|upkeep","|turn|15","||adding 10 for new turn","|","|t:|1752970923","|move|p1a: Metagross|Earthquake|p2a: Metagross","|-supereffective|p2a: Metagross","|-damage|p2a: Metagross|0 fnt","|faint|p2a: Metagross","||adding 5 to each for mid turn request","|","|t:|1752970927","|switch|p2a: Starmie|Starmie|38/262","|","|-weather|Sandstorm|[upkeep]","|-damage|p2a: Starmie|22/262|[from] Sandstorm","|-heal|p1a: Metagross|220/364|[from] item: Leftovers","|-heal|p2a: Starmie|38/262|[from] item: Leftovers","|upkeep","|turn|16","||adding 10 for new turn","|","|t:|1752970933","|move|p1a: Metagross|Earthquake|p2a: Starmie","|-damage|p2a: Starmie|0 fnt","|faint|p2a: Starmie","|","|win|foultestchallenge1",""],"p1rating":null,"p2rating":null,"endType":"normal","ladderError":true,"timestamp":"Sat Jul 19 2025 17:22:13 GMT-0700 (アメリカ太平洋夏時間)","roomid":"battle-gen3ou-1018","format":"gen3ou"}