{"winner":"foultestacceptor1","seed":"sodium,2d4f579fd14b397f8558d9fdbe6618d6","turns":27,"p1":"foultestchallenge1","p2":"foultestacceptor1","p1team":[{"name":"Salamence","species":"Salamence","item":"Choice Band","ability":"Intimidate","moves":["Earthquake","Hidden Power Flying","Brick Break","Rock Slide"],"nature":"Adamant","evs":{"hp":120,"atk":252,"def":0,"spa":0,"spd":0,"spe":136},"gender":"M","ivs":{"hp":30,"atk":30,"def":30,"spa":30,"spd":30,"spe":31},"happiness":255,"hpType":"Flying","pokeball":"","gigantamax":false,"dynamaxLevel":10,"teraType":"","level":100},{"name":"Magneton","species":"Magneton","item":"Magnet","ability":"Magnet Pull","moves":["Thunderbolt","Toxic","Hidden Power Fire","Protect"],"nature":"Modest","evs":{"hp":4,"atk":0,"def":0,"spa":252,"spd":0,"spe":252},"gender":"N","ivs":{"hp":31,"atk":2,"def":31,"spa":30,"spd":31,"spe":30},"happiness":255,"hpType":"Fire","pokeball":"","gigantamax":false,"dynamaxLevel":10,"teraType":"","level":100},{"name":"Tyranitar","species":"Tyranitar","item":"Leftovers","ability":"Sand Stream","moves":["Crunch","Pursuit","Hidden Power Grass","Fire Blast"],"nature":"Modest","evs":{"hp":240,"atk":0,"def":0,"spa":188,"spd":48,"spe":32},"gender":"F","ivs":{"hp":31,"atk":2,"def":31,"spa":30,"spd":31,"spe":31},"happiness":255,"hpType":"Grass","pokeball":"","gigantamax":false,"dynamaxLevel":10,"teraType":"","level":100},{"name":"Blissey","species":"Blissey","item":"Leftovers","ability":"Natural Cure","moves":["Seismic Toss","Wish","Protect","Toxic"],"nature":"","evs":{"hp":4,"atk":0,"def":252,"spa":0,"spd":252,"spe":0},"gender":"F","ivs":{"hp":31,"atk":0,"def":31,"spa":31,"spd":31,"spe":31},"level":100},{"name":"Metagross","species":"Metagross","item":"Leftovers","ability":"Clear Body","moves":["Agility","Meteor Mash","Earthquake","Explosion"],"nature":"Adamant","evs":{"hp":168,"atk":252,"def":0,"spa":0,"spd":0,"spe":88},"gender":"N","level":100,"ivs":{"hp":31,"atk":31,"def":31,"spa":31,"spd":31,"spe":31}},{"name":"Swampert","species":"Swampert","item":"Leftovers","ability":"Torrent","moves":["Surf","Ice Beam","Protect","Toxic"],"nature":"Bold","evs":{"hp":252,"atk":0,"def":160,"spa":0,"spd":96,"spe":0},"gender":"M","ivs":{"hp":31,"atk":0,"def":31,"spa":31,"spd":31,"spe":31},"level":100}],"p2team":[{"name":"Zapdos","species":"Zapdos","item":"Leftovers","ability":"Pressure","moves":["Thunderbolt","Hidden Power Grass","Baton Pass","Roar"],"nature":"Modest","evs":{"hp":0,"atk":0,"def":0,"spa":220,"spd":48,"spe":240},"gender":"N","ivs":{"hp":31,"atk":2,"def":31,"spa":30,"spd":31,"spe":31},"happiness":255,"hpType":"Grass","pokeball":"","gigantamax":false,"dynamaxLevel":10,"teraType":"","level":100},{"name":"Metagross","species":"Metagross","item":"Choice Band","ability":"Clear Body","moves":["Meteor Mash","Explosion","Earthquake","Rock Slide"],"nature":"Adamant","evs":{"hp":128,"atk":252,"def":0,"spa":0,"spd":0,"spe":128},"gender":"N","level":100,"ivs":{"hp":31,"atk":31,"def":31,"spa":31,"spd":31,"spe":31}},{"name":"Celebi","species":"Celebi","item":"Leftovers","ability":"Natural Cure","moves":["Calm Mind","Giga Drain","Hidden Power Ice","Baton Pass"],"nature":"Timid","evs":{"hp":208,"atk":0,"def":84,"spa":36,"spd":0,"spe":180},"gender":"N","ivs":{"hp":31,"atk":3,"def":31,"spa":31,"spd":31,"spe":30},"happiness":255,"hpType":"Ice","pokeball":"","gigantamax":false,"dynamaxLevel":10,"teraType":"","level":100},{"name":"Gengar","species":"Gengar","item":"Leftovers","ability":"Levitate","moves":["Thunderbolt","Ice Punch","Giga Drain","Explosion"],"nature":"Timid","evs":{"hp":8,"atk":0,"def":200,"spa":116,"spd":0,"spe":184},"gender":"F","level":100,"ivs":{"hp":31,"atk":31,"def":31,"spa":31,"spd":31,"spe":31}},{"name":"Swampert","species":"Swampert","item":"Leftovers","ability":"Torrent","moves":["Hydro Pump","Earthquake","Ice Beam","Refresh"],"nature":"Quiet","evs":{"hp":240,"atk":0,"def":12,"spa":216,"spd":0,"spe":40},"gender":"F","level":100,"ivs":{"hp":31,"atk":31,"def":31,"spa":31,"spd":31,"spe":31}},{"name":"Charizard","species":"Charizard","item":"Leftovers","ability":"Blaze","moves":["Substitute","Hidden Power Grass","Fire Blast","Focus Punch"],"nature":"Mild","evs":{"hp":0,"atk":4,"def":0,"spa":252,"spd":0,"spe":252},"gender":"M","ivs":{"hp":31,"atk":30,"def":31,"spa":30,"spd":31,"spe":31},"happiness":255,"hpType":"Grass","pokeball":"","gigantamax":false,"dynamaxLevel":10,"teraType":"","level":100}],"score":[0,4],"inputLog":[">version 372d05e49c92a79eecdf6c8dddb208bd1765c00f",">start {\"formatid\":\"gen3ou\",\"seed\":\"sodium,2d4f579fd14b397f8558d9fdbe6618d6\"}",">player p1 {\"name\":\"foultestchallenge1\",\"avatar\":\"102\",\"team\":\"Salamence||ChoiceBand|Intimidate|Earthquake,HiddenPowerFlying,BrickBreak,RockSlide|Adamant|120,252,,,,136|M|30,30,30,30,30,|||,Flying,,,,]Magneton||Magnet|MagnetPull|Thunderbolt,Toxic,HiddenPowerFire,Protect|Modest|4,,,252,,252|N|,2,,30,,30|||,Fire,,,,]Tyranitar||Leftovers|SandStream|Crunch,Pursuit,HiddenPowerGrass,FireBlast|Modest|240,,,188,48,32|F|,2,,30,,|||,Grass,,,,]Blissey||Leftovers|NaturalCure|SeismicToss,Wish,Protect,Toxic||4,,252,,252,|F|,0,,,,|||]Metagross||Leftovers|ClearBody|Agility,MeteorMash,Earthquake,Explosion|Adamant|168,252,,,,88|N||||]Swampert||Leftovers|Torrent|Surf,IceBeam,Protect,Toxic|Bold|252,,160,,96,|M|,0,,,,|||\",\"rating\":0}",">player p2 {\"name\":\"foultestacceptor1\",\"avatar\":\"102\",\"team\":\"Zapdos||Leftovers|Pressure|Thunderbolt,HiddenPowerGrass,BatonPass,Roar|Modest|,,,220,48,240|N|,2,,30,,|||,Grass,,,,]Metagross||ChoiceBand|ClearBody|MeteorMash,Explosion,Earthquake,RockSlide|Adamant|128,252,,,,128|N||||]Celebi||Leftovers|NaturalCure|CalmMind,GigaDrain,HiddenPowerIce,BatonPass|Timid|208,,84,36,,180|N|,3,,,,30|||,Ice,,,,]Gengar||Leftovers|Levitate|Thunderbolt,IcePunch,GigaDrain,Explosion|Timid|8,,200,116,,184|F||||]Swampert||Leftovers|Torrent|HydroPump,Earthquake,IceBeam,Refresh|Quiet|240,,12,216,,40|F||||]Charizard||Leftovers|Blaze|Substitute,HiddenPowerGrass,FireBlast,FocusPunch|Mild|,4,,252,,252|M|,30,,30,,|||,Grass,,,,\",\"rating\":0}",">p1 move rockslide",">p2 move thunderbolt",">p2 switch 2",">p1 move rockslide",">p2 move meteormash",">p1 switch 5",">p1 move earthquake",">p2 switch 6",">p1 switch 6",">p2 move fireblast",">p1 move surf",">p2 move hiddenpower",">p1 switch 3",">p1 move crunch",">p2 switch 6",">p1 move fireblast",">p2 move meteormash",">p1 switch 2",">p1 move thunderbolt",">p2 move meteormash",">p2 switch 6",">p1 switch 4",">p2 move fireblast",">p1 move protect",">p2 move focuspunch",">p1 move protect",">p2 move focuspunch",">p1 switch 6",">p2 move focuspunch",">p1 switch 6",">p2 move fireblast",">p1 move protect",">p2 move focuspunch",">p1 switch 6",">p2 move focuspunch",">p1 switch 6",">p2 move fireblast",">p1 move protect",">p2 move focuspunch",">p1 switch 6",">p2 move focuspunch",">p1 switch 6",">p2 move fireblast",">p1 move seismictoss",">p2 move fireblast",">p1 switch 4",">p1 move protect",">p2 move fireblast",">p1 switch 6",">p2 move fireblast",">p1 switch 6",">p1 move thunderbolt",">p2 switch 5",">p1 move protect",">p2 move earthquake",">p1 move protect",">p2 move earthquake",">p1 move protect",">p2 move earthquake",">p1 move protect",">p2 move earthquake"],"log":["|j|☆foultestchallenge1","|j|☆foultestacceptor1","|t:|1752921879","|gametype|singles","|player|p1|foultestchallenge1|102|","|player|p2|foultestacceptor1|102|","|teamsize|p1|6","|teamsize|p2|6","|gen|3","|tier|[Gen 3] OU","|rule|Sleep Clause Mod: Limit one foe put to sleep","|rule|Switch Priority Clause Mod: Faster Pokémon switch first","|rule|Species Clause: Limit one of each Pokémon","|rule|OHKO Clause: OHKO moves are banned","|rule|Evasion Items Clause: Evasion items are banned","|rule|Evasion Moves Clause: Evasion moves are banned","|rule|Endless Battle Clause: Forcing endless battles is banned","|rule|HP Percentage Mod: HP is shown in percentages","|rule|One Boost Passer Clause: Limit one Baton Passer that has a way to boost its stats","|rule|Freeze Clause Mod: Limit one foe frozen","|","|t:|1752921879","|start","|switch|p1a: Salamence|Salamence, M|360/360","|switch|p2a: Zapdos|Zapdos|321/321","|-ability|p2a: Zapdos|Pressure|[silent]","|-ability|p1a: Salamence|Intimidate|boost","|-unboost|p2a: Zapdos|atk|1","|turn|1","|inactive|Battle timer is ON: inactive players will automatically lose when time's up. (requested by foultestchallenge1)","|inactive|foultestacceptor1 also wants the timer to be on.","|","|t:|1752921880","|move|p2a: Zapdos|Thunderbolt|p1a: Salamence","|-damage|p1a: Salamence|131/360","|-status|p1a: Salamence|par","|move|p1a: Salamence|Rock Slide|p2a: Zapdos","|-supereffective|p2a: Zapdos","|-damage|p2a: Zapdos|0 fnt","|faint|p2a: Zapdos","||adding 5 to each for mid turn request","|","|t:|1752921881","|switch|p2a: Metagross|Metagross|333/333","|","|upkeep","|turn|2","||adding 10 for new turn","|","|t:|1752921882","|move|p2a: Metagross|Meteor Mash|p1a: Salamence","|-damage|p1a: Salamence|0 fnt","|faint|p1a: Salamence","||adding 5 to each for mid turn request","|","|t:|1752921883","|switch|p1a: Metagross|Metagross|343/343","|","|upkeep","|turn|3","||adding 10 for new turn","|","|t:|1752921885","|switch|p2a: Charizard|Charizard, M|297/297","|move|p1a: Metagross|Earthquake|p2a: Charizard","|-immune|p2a: Charizard","|","|upkeep","|turn|4","||adding 10 for new turn","|","|t:|1752921886","|switch|p1a: Swampert|Swampert, M|404/404","|move|p2a: Charizard|Fire Blast|p1a: Swampert","|-resisted|p1a: Swampert","|-damage|p1a: Swampert|308/404","|","|-heal|p1a: Swampert|333/404|[from] item: Leftovers","|upkeep","|turn|5","||adding 10 for new turn","|","|t:|1752921887","|move|p2a: Charizard|Hidden Power|p1a: Swampert","|-supereffective|p1a: Swampert","|-damage|p1a: Swampert|0 fnt","|faint|p1a: Swampert","||adding 5 to each for mid turn request","|","|t:|1752921888","|switch|p1a: Tyranitar|Tyranitar, F|401/401","|-weather|Sandstorm|[from] ability: Sand Stream|[of] p1a: Tyranitar","|","|-weather|Sandstorm|[upkeep]","|-damage|p2a: Charizard|279/297|[from] Sandstorm","|-heal|p2a: Charizard|297/297|[from] item: Leftovers","|upkeep","|turn|6","||adding 10 for new turn","|","|t:|1752921889","|switch|p2a: Metagross|Metagross|333/333","|move|p1a: Tyranitar|Crunch|p2a: Metagross","|-damage|p2a: Metagross|209/333","|","|-weather|Sandstorm|[upkeep]","|upkeep","|turn|7","||adding 10 for new turn","|","|t:|1752921890","|move|p2a: Metagross|Meteor Mash|p1a: Tyranitar","|-supereffective|p1a: Tyranitar","|-damage|p1a: Tyranitar|0 fnt","|-boost|p2a: Metagross|atk|1","|faint|p1a: Tyranitar","||adding 5 to each for mid turn request","|","|t:|1752921891","|switch|p1a: Magneton|Magneton|242/242","|","|-weather|Sandstorm|[upkeep]","|upkeep","|turn|8","||adding 10 for new turn","|","|t:|1752921892","|move|p1a: Magneton|Thunderbolt|p2a: Metagross","|-damage|p2a: Metagross|0 fnt","|faint|p2a: Metagross","||adding 5 to each for mid turn request","|","|t:|1752921893","|switch|p2a: Charizard|Charizard, M|297/297","|","|-weather|Sandstorm|[upkeep]","|-damage|p2a: Charizard|279/297|[from] Sandstorm","|-heal|p2a: Charizard|297/297|[from] item: Leftovers","|upkeep","|turn|9","||adding 10 for new turn","|","|t:|1752921894","|switch|p1a: Blissey|Blissey, F|652/652","|move|p2a: Charizard|Fire Blast|p1a: Blissey","|-damage|p1a: Blissey|510/652","|","|-weather|Sandstorm|[upkeep]","|-damage|p2a: Charizard|279/297|[from] Sandstorm","|-damage|p1a: Blissey|470/652|[from] Sandstorm","|-heal|p2a: Charizard|297/297|[from] item: Leftovers","|-heal|p1a: Blissey|510/652|[from] item: Leftovers","|upkeep","|turn|10","||adding 10 for new turn","|","|t:|1752921895","|-singleturn|p2a: Charizard|move: Focus Punch","|move|p1a: Blissey|Protect|p1a: Blissey","|-singleturn|p1a: Blissey|Protect","|move|p2a: Charizard|Focus Punch|p1a: Blissey","|-activate|p1a: Blissey|Protect","|","|-weather|Sandstorm|[upkeep]","|-damage|p2a: Charizard|279/297|[from] Sandstorm","|-damage|p1a: Blissey|470/652|[from] Sandstorm","|-heal|p2a: Charizard|297/297|[from] item: Leftovers","|-heal|p1a: Blissey|510/652|[from] item: Leftovers","|upkeep","|turn|11","||adding 10 for new turn","|","|t:|1752921896","|-singleturn|p2a: Charizard|move: Focus Punch","|move|p1a: Blissey|Protect|p1a: Blissey","|-singleturn|p1a: Blissey|Protect","|move|p2a: Charizard|Focus Punch|p1a: Blissey","|-activate|p1a: Blissey|Protect","|","|-weather|Sandstorm|[upkeep]","|-damage|p2a: Charizard|279/297|[from] Sandstorm","|-damage|p1a: Blissey|470/652|[from] Sandstorm","|-heal|p2a: Charizard|297/297|[from] item: Leftovers","|-heal|p1a: Blissey|510/652|[from] item: Leftovers","|upkeep","|turn|12","||adding 10 for new turn","|","|t:|1752921897","|-singleturn|p2a: Charizard|move: Focus Punch","|switch|p1a: Metagross|Metagross|343/343","|move|p2a: Charizard|Focus Punch|p1a: Metagross","|-damage|p1a: Metagross|266/343","|","|-weather|Sandstorm|[upkeep]","|-damage|p2a: Charizard|279/297|[from] Sandstorm","|-heal|p2a: Charizard|297/297|[from] item: Leftovers","|-heal|p1a: Metagross|287/343|[from] item: Leftovers","|upkeep","|turn|13","||adding 10 for new turn","|","|t:|1752921898","|switch|p1a: Blissey|Blissey, F|510/652","|move|p2a: Charizard|Fire Blast|p1a: Blissey","|-damage|p1a: Blissey|366/652","|","|-weather|Sandstorm|[upkeep]","|-damage|p2a: Charizard|279/297|[from] Sandstorm","|-damage|p1a: Blissey|326/652|[from] Sandstorm","|-heal|p2a: Charizard|297/297|[from] item: Leftovers","|-heal|p1a: Blissey|366/652|[from] item: Leftovers","|upkeep","|turn|14","||adding 10 for new turn","|","|t:|1752921899","|-singleturn|p2a: Charizard|move: Focus Punch","|move|p1a: Blissey|Protect|p1a: Blissey","|-singleturn|p1a: Blissey|Protect","|move|p2a: Charizard|Focus Punch|p1a: Blissey","|-activate|p1a: Blissey|Protect","|","|-weather|Sandstorm|[upkeep]","|-damage|p2a: Charizard|279/297|[from] Sandstorm","|-damage|p1a: Blissey|326/652|[from] Sandstorm","|-heal|p2a: Charizard|297/297|[from] item: Leftovers","|-heal|p1a: Blissey|366/652|[from] item: Leftovers","|upkeep","|turn|15","||adding 10 for new turn","|","|t:|1752921900","|-singleturn|p2a: Charizard|move: Focus Punch","|switch|p1a: Metagross|Metagross|287/343","|move|p2a: Charizard|Focus Punch|p1a: Metagross","|-damage|p1a: Metagross|200/343","|","|-weather|Sandstorm|[upkeep]","|-damage|p2a: Charizard|279/297|[from] Sandstorm","|-heal|p2a: Charizard|297/297|[from] item: Leftovers","|-heal|p1a: Metagross|221/343|[from] item: Leftovers","|upkeep","|turn|16","||adding 10 for new turn","|","|t:|1752921901","|switch|p1a: Blissey|Blissey, F|366/652","|move|p2a: Charizard|Fire Blast|p1a: Blissey","|-damage|p1a: Blissey|225/652","|","|-weather|Sandstorm|[upkeep]","|-damage|p2a: Charizard|279/297|[from] Sandstorm","|-damage|p1a: Blissey|185/652|[from] Sandstorm","|-heal|p2a: Charizard|297/297|[from] item: Leftovers","|-heal|p1a: Blissey|225/652|[from] item: Leftovers","|upkeep","|turn|17","||adding 10 for new turn","|","|t:|1752921902","|-singleturn|p2a: Charizard|move: Focus Punch","|move|p1a: Blissey|Protect|p1a: Blissey","|-singleturn|p1a: Blissey|Protect","|move|p2a: Charizard|Focus Punch|p1a: Blissey","|-activate|p1a: Blissey|Protect","|","|-weather|Sandstorm|[upkeep]","|-damage|p2a: Charizard|279/297|[from] Sandstorm","|-damage|p1a: Blissey|185/652|[from] Sandstorm","|-heal|p2a: Charizard|297/297|[from] item: Leftovers","|-heal|p1a: Blissey|225/652|[from] item: Leftovers","|upkeep","|turn|18","||adding 10 for new turn","|","|t:|1752921903","|-singleturn|p2a: Charizard|move: Focus Punch","|switch|p1a: Metagross|Metagross|221/343","|move|p2a: Charizard|Focus Punch|p1a: Metagross","|-damage|p1a: Metagross|142/343","|","|-weather|Sandstorm|[upkeep]","|-damage|p2a: Charizard|279/297|[from] Sandstorm","|-heal|p2a: Charizard|297/297|[from] item: Leftovers","|-heal|p1a: Metagross|163/343|[from] item: Leftovers","|upkeep","|turn|19","||adding 10 for new turn","|","|t:|1752921904","|switch|p1a: Blissey|Blissey, F|225/652","|move|p2a: Charizard|Fire Blast|p1a: Blissey","|-damage|p1a: Blissey|83/652","|-status|p1a: Blissey|brn","|","|-weather|Sandstorm|[upkeep]","|-damage|p2a: Charizard|279/297|[from] Sandstorm","|-damage|p1a: Blissey|43/652 brn|[from] Sandstorm","|-heal|p2a: Charizard|297/297|[from] item: Leftovers","|-heal|p1a: Blissey|83/652 brn|[from] item: Leftovers","|-damage|p1a: Blissey|2/652 brn|[from] brn","|upkeep","|turn|20","||adding 10 for new turn","|","|t:|1752921905","|move|p2a: Charizard|Fire Blast|p1a: Blissey","|-damage|p1a: Blissey|0 fnt","|faint|p1a: Blissey","||adding 5 to each for mid turn request","|","|t:|1752921906","|switch|p1a: Magneton|Magneton|242/242","|","|-weather|Sandstorm|[upkeep]","|-damage|p2a: Charizard|279/297|[from] Sandstorm","|-heal|p2a: Charizard|297/297|[from] item: Leftovers","|upkeep","|turn|21","||adding 10 for new turn","|","|t:|1752921907","|move|p1a: Magneton|Protect|p1a: Magneton","|-singleturn|p1a: Magneton|Protect","|move|p2a: Charizard|Fire Blast|p1a: Magneton","|-activate|p1a: Magneton|Protect","|","|-weather|Sandstorm|[upkeep]","|-damage|p2a: Charizard|279/297|[from] Sandstorm","|-heal|p2a: Charizard|297/297|[from] item: Leftovers","|upkeep","|turn|22","||adding 10 for new turn","|","|t:|1752921907","|switch|p1a: Metagross|Metagross|163/343","|move|p2a: Charizard|Fire Blast|p1a: Metagross","|-supereffective|p1a: Metagross","|-damage|p1a: Metagross|0 fnt","|faint|p1a: Metagross","||adding 5 to each for mid turn request","|","|t:|1752921908","|switch|p1a: Magneton|Magneton|242/242","|","|-weather|Sandstorm|[upkeep]","|-damage|p2a: Charizard|279/297|[from] Sandstorm","|-heal|p2a: Charizard|297/297|[from] item: Leftovers","|upkeep","|turn|23","||adding 10 for new turn","|","|t:|1752921909","|switch|p2a: Swampert|Swampert, F|401/401","|move|p1a: Magneton|Thunderbolt|p2a: Swampert","|-immune|p2a: Swampert","|","|-weather|Sandstorm|[upkeep]","|upkeep","|turn|24","||adding 10 for new turn","|","|t:|1752921910","|move|p1a: Magneton|Protect|p1a: Magneton","|-singleturn|p1a: Magneton|Protect","|move|p2a: Swampert|Earthquake|p1a: Magneton","|-activate|p1a: Magneton|Protect","|","|-weather|Sandstorm|[upkeep]","|upkeep","|turn|25","||adding 10 for new turn","|","|t:|1752921911","|move|p1a: Magneton|Protect|p1a: Magneton","|-singleturn|p1a: Magneton|Protect","|move|p2a: Swampert|Earthquake|p1a: Magneton","|-activate|p1a: Magneton|Protect","|","|-weather|Sandstorm|[upkeep]","|upkeep","|turn|26","||adding 10 for new turn","|","|t:|1752921912","|move|p1a: Magneton|Protect|p1a: Magneton","|-singleturn|p1a: Magneton|Protect","|move|p2a: Swampert|Earthquake|p1a: Magneton","|-activate|p1a: Magneton|Protect","|","|-weather|Sandstorm|[upkeep]","|upkeep","|turn|27","||adding 10 for new turn","|","|t:|1752921912","|move|p1a: Magneton|Protect||[still]","|-fail|p1a: Magneton","|move|p2a: Swampert|Earthquake|p1a: Magneton","|-supereffective|p1a: Magneton","|-damage|p1a: Magneton|0 fnt","|faint|p1a: Magneton","|","|win|foultestacceptor1",""],"p1rating":null,"p2rating":null,"endType":"normal","ladderError":true,"timestamp":"Sat Jul 19 2025 03:45:12 GMT-0700 (アメリカ太平洋夏時間)","roomid":"battle-gen3ou-907","format":"gen3ou"}