{"winner":"foultestchallenge1","seed":"sodium,576bc2d10ae73211902960ec7121a6ee","turns":26,"p1":"foultestchallenge1","p2":"foultestacceptor1","p1team":[{"name":"Skarmory","species":"Skarmory","item":"Leftovers","ability":"Keen Eye","moves":["Spikes","Roar","Toxic","Protect"],"nature":"Careful","evs":{"hp":252,"atk":0,"def":0,"spa":0,"spd":252,"spe":4},"gender":"F","ivs":{"hp":31,"atk":0,"def":31,"spa":31,"spd":31,"spe":31},"level":100},{"name":"Jolteon","species":"Jolteon","item":"Leftovers","ability":"Volt Absorb","moves":["Thunderbolt","Thunder Wave","Hidden Power Grass","Baton Pass"],"nature":"Timid","evs":{"hp":4,"atk":0,"def":0,"spa":252,"spd":0,"spe":252},"gender":"F","ivs":{"hp":31,"atk":2,"def":31,"spa":30,"spd":31,"spe":31},"happiness":255,"hpType":"Grass","pokeball":"","gigantamax":false,"dynamaxLevel":10,"teraType":"","level":100},{"name":"Tyranitar","species":"Tyranitar","item":"Leftovers","ability":"Sand Stream","moves":["Focus Punch","Earthquake","Hidden Power Bug","Rock Slide"],"nature":"Adamant","evs":{"hp":252,"atk":252,"def":4,"spa":0,"spd":0,"spe":0},"gender":"M","ivs":{"hp":31,"atk":31,"def":31,"spa":31,"spd":30,"spe":30},"happiness":255,"hpType":"Bug","pokeball":"","gigantamax":false,"dynamaxLevel":10,"teraType":"","level":100},{"name":"Gengar","species":"Gengar","item":"Leftovers","ability":"Levitate","moves":["Ice Punch","Fire Punch","Hidden Power Grass","Explosion"],"nature":"Hasty","evs":{"hp":40,"atk":0,"def":0,"spa":252,"spd":0,"spe":216},"gender":"F","ivs":{"hp":31,"atk":30,"def":31,"spa":30,"spd":31,"spe":31},"happiness":255,"hpType":"Grass","pokeball":"","gigantamax":false,"dynamaxLevel":10,"teraType":"","level":100},{"name":"Metagross","species":"Metagross","item":"Choice Band","ability":"Clear Body","moves":["Meteor Mash","Earthquake","Rock Slide","Explosion"],"nature":"Adamant","evs":{"hp":68,"atk":252,"def":0,"spa":0,"spd":0,"spe":188},"gender":"N","level":100,"ivs":{"hp":31,"atk":31,"def":31,"spa":31,"spd":31,"spe":31}},{"name":"Starmie","species":"Starmie","item":"Leftovers","ability":"Natural Cure","moves":["Hydro Pump","Thunderbolt","Ice Beam","Psychic"],"nature":"Timid","evs":{"hp":4,"atk":0,"def":0,"spa":252,"spd":0,"spe":252},"gender":"N","ivs":{"hp":31,"atk":0,"def":31,"spa":31,"spd":31,"spe":31},"level":100}],"p2team":[{"name":"Skarmory","species":"Skarmory","item":"Leftovers","ability":"Keen Eye","moves":["Spikes","Roar","Toxic","Protect"],"nature":"Careful","evs":{"hp":252,"atk":0,"def":0,"spa":0,"spd":252,"spe":4},"gender":"F","ivs":{"hp":31,"atk":0,"def":31,"spa":31,"spd":31,"spe":31},"level":100},{"name":"Jolteon","species":"Jolteon","item":"Leftovers","ability":"Volt Absorb","moves":["Thunderbolt","Thunder Wave","Hidden Power Grass","Baton Pass"],"nature":"Timid","evs":{"hp":4,"atk":0,"def":0,"spa":252,"spd":0,"spe":252},"gender":"M","ivs":{"hp":31,"atk":2,"def":31,"spa":30,"spd":31,"spe":31},"happiness":255,"hpType":"Grass","pokeball":"","gigantamax":false,"dynamaxLevel":10,"teraType":"","level":100},{"name":"Tyranitar","species":"Tyranitar","item":"Leftovers","ability":"Sand Stream","moves":["Focus Punch","Earthquake","Hidden Power Bug","Rock Slide"],"nature":"Adamant","evs":{"hp":252,"atk":252,"def":4,"spa":0,"spd":0,"spe":0},"gender":"F","ivs":{"hp":31,"atk":31,"def":31,"spa":31,"spd":30,"spe":30},"happiness":255,"hpType":"Bug","pokeball":"","gigantamax":false,"dynamaxLevel":10,"teraType":"","level":100},{"name":"Gengar","species":"Gengar","item":"Leftovers","ability":"Levitate","moves":["Ice Punch","Fire Punch","Hidden Power Grass","Explosion"],"nature":"Hasty","evs":{"hp":40,"atk":0,"def":0,"spa":252,"spd":0,"spe":216},"gender":"M","ivs":{"hp":31,"atk":30,"def":31,"spa":30,"spd":31,"spe":31},"happiness":255,"hpType":"Grass","pokeball":"","gigantamax":false,"dynamaxLevel":10,"teraType":"","level":100},{"name":"Metagross","species":"Metagross","item":"Choice Band","ability":"Clear Body","moves":["Meteor Mash","Earthquake","Rock Slide","Explosion"],"nature":"Adamant","evs":{"hp":68,"atk":252,"def":0,"spa":0,"spd":0,"spe":188},"gender":"N","level":100,"ivs":{"hp":31,"atk":31,"def":31,"spa":31,"spd":31,"spe":31}},{"name":"Starmie","species":"Starmie","item":"Leftovers","ability":"Natural Cure","moves":["Hydro Pump","Thunderbolt","Ice Beam","Psychic"],"nature":"Timid","evs":{"hp":4,"atk":0,"def":0,"spa":252,"spd":0,"spe":252},"gender":"N","ivs":{"hp":31,"atk":0,"def":31,"spa":31,"spd":31,"spe":31},"level":100}],"score":[1,0],"inputLog":[">version 372d05e49c92a79eecdf6c8dddb208bd1765c00f",">start {\"formatid\":\"gen3ou\",\"seed\":\"sodium,576bc2d10ae73211902960ec7121a6ee\"}",">player p1 {\"name\":\"foultestchallenge1\",\"avatar\":\"266\",\"team\":\"Skarmory||Leftovers|KeenEye|Spikes,Roar,Toxic,Protect|Careful|252,,,,252,4|F|,0,,,,|||]Jolteon||Leftovers|VoltAbsorb|Thunderbolt,ThunderWave,HiddenPowerGrass,BatonPass|Timid|4,,,252,,252|F|,2,,30,,|||,Grass,,,,]Tyranitar||Leftovers|SandStream|FocusPunch,Earthquake,HiddenPowerBug,RockSlide|Adamant|252,252,4,,,|M|,,,,30,30|||,Bug,,,,]Gengar||Leftovers|Levitate|IcePunch,FirePunch,HiddenPowerGrass,Explosion|Hasty|40,,,252,,216|F|,30,,30,,|||,Grass,,,,]Metagross||ChoiceBand|ClearBody|MeteorMash,Earthquake,RockSlide,Explosion|Adamant|68,252,,,,188|N||||]Starmie||Leftovers|NaturalCure|HydroPump,Thunderbolt,IceBeam,Psychic|Timid|4,,,252,,252|N|,0,,,,|||\",\"rating\":0}",">player p2 {\"name\":\"foultestacceptor1\",\"avatar\":\"169\",\"team\":\"Skarmory||Leftovers|KeenEye|Spikes,Roar,Toxic,Protect|Careful|252,,,,252,4|F|,0,,,,|||]Jolteon||Leftovers|VoltAbsorb|Thunderbolt,ThunderWave,HiddenPowerGrass,BatonPass|Timid|4,,,252,,252|M|,2,,30,,|||,Grass,,,,]Tyranitar||Leftovers|SandStream|FocusPunch,Earthquake,HiddenPowerBug,RockSlide|Adamant|252,252,4,,,|F|,,,,30,30|||,Bug,,,,]Gengar||Leftovers|Levitate|IcePunch,FirePunch,HiddenPowerGrass,Explosion|Hasty|40,,,252,,216|M|,30,,30,,|||,Grass,,,,]Metagross||ChoiceBand|ClearBody|MeteorMash,Earthquake,RockSlide,Explosion|Adamant|68,252,,,,188|N||||]Starmie||Leftovers|NaturalCure|HydroPump,Thunderbolt,IceBeam,Psychic|Timid|4,,,252,,252|N|,0,,,,|||\",\"rating\":0}",">p1 move spikes",">p2 move spikes",">p1 move spikes",">p2 move spikes",">p1 move spikes",">p2 move spikes",">p1 move roar",">p2 move roar",">p1 move explosion",">p2 move roar",">p1 switch 4",">p2 switch 4",">p1 move icepunch",">p2 move icepunch",">p1 move icepunch",">p2 move icepunch",">p1 switch 6",">p1 move icebeam",">p2 move hiddenpower",">p2 switch 2",">p1 switch 2",">p2 move thunderbolt",">p1 move hiddenpower",">p2 move thunderwave",">p1 move thunderwave",">p2 move hiddenpower",">p1 move hiddenpower",">p2 move hiddenpower",">p1 move hiddenpower",">p2 move hiddenpower",">p1 move hiddenpower",">p2 move hiddenpower",">p1 move thunderwave",">p2 move hiddenpower",">p1 switch 3",">p1 move rockslide",">p2 move thunderbolt",">p2 switch 6",">p1 move hiddenpower",">p2 move hydropump",">p1 switch 2",">p1 move thunderbolt",">p2 move thunderbolt",">p2 switch 5",">p1 move hydropump",">p2 move rockslide",">p1 switch 5",">p1 move roar",">p2 move rockslide",">p1 move toxic",">p2 move rockslide",">p1 move protect",">p2 move focuspunch",">p1 move protect",">p2 move focuspunch",">p1 move protect",">p2 move focuspunch",">p1 move protect",">p2 move focuspunch",">p1 move protect",">p2 move focuspunch",">p2 switch 3"],"log":["|j|☆foultestchallenge1","|j|☆foultestacceptor1","|t:|1752917868","|gametype|singles","|player|p1|foultestchallenge1|266|","|player|p2|foultestacceptor1|169|","|teamsize|p1|6","|teamsize|p2|6","|gen|3","|tier|[Gen 3] OU","|rule|Sleep Clause Mod: Limit one foe put to sleep","|rule|Switch Priority Clause Mod: Faster Pokémon switch first","|rule|Species Clause: Limit one of each Pokémon","|rule|OHKO Clause: OHKO moves are banned","|rule|Evasion Items Clause: Evasion items are banned","|rule|Evasion Moves Clause: Evasion moves are banned","|rule|Endless Battle Clause: Forcing endless battles is banned","|rule|HP Percentage Mod: HP is shown in percentages","|rule|One Boost Passer Clause: Limit one Baton Passer that has a way to boost its stats","|rule|Freeze Clause Mod: Limit one foe frozen","|","|t:|1752917868","|start","|switch|p1a: Skarmory|Skarmory, F|334/334","|switch|p2a: Skarmory|Skarmory, F|334/334","|turn|1","|inactive|Battle timer is ON: inactive players will automatically lose when time's up. (requested by foultestacceptor1)","|inactive|foultestchallenge1 also wants the timer to be on.","|","|t:|1752917869","|move|p1a: Skarmory|Spikes|p2a: Skarmory","|-sidestart|p2: foultestacceptor1|Spikes","|move|p2a: Skarmory|Spikes|p1a: Skarmory","|-sidestart|p1: foultestchallenge1|Spikes","|","|upkeep","|turn|2","||adding 10 for new turn","|","|t:|1752917870","|move|p2a: Skarmory|Spikes|p1a: Skarmory","|-sidestart|p1: foultestchallenge1|Spikes","|move|p1a: Skarmory|Spikes|p2a: Skarmory","|-sidestart|p2: foultestacceptor1|Spikes","|","|upkeep","|turn|3","||adding 10 for new turn","|","|t:|1752917871","|move|p1a: Skarmory|Spikes|p2a: Skarmory","|-sidestart|p2: foultestacceptor1|Spikes","|move|p2a: Skarmory|Spikes|p1a: Skarmory","|-sidestart|p1: foultestchallenge1|Spikes","|","|upkeep","|turn|4","||adding 10 for new turn","|","|t:|1752917872","|move|p2a: Skarmory|Roar|p1a: Skarmory","|drag|p1a: Metagross|Metagross|318/318","|-damage|p1a: Metagross|239/318|[from] Spikes","|","|upkeep","|turn|5","||adding 10 for new turn","|","|t:|1752917873","|move|p1a: Metagross|Explosion|p2a: Skarmory","|-resisted|p2a: Skarmory","|-damage|p2a: Skarmory|0 fnt","|faint|p1a: Metagross","|faint|p2a: Skarmory","||adding 5 to each for mid turn request","|","|t:|1752917874","|switch|p1a: Gengar|Gengar, F|271/271","|switch|p2a: Gengar|Gengar, M|271/271","|","|upkeep","|turn|6","||adding 10 for new turn","|","|t:|1752917875","|move|p2a: Gengar|Ice Punch|p1a: Gengar","|-damage|p1a: Gengar|167/271","|move|p1a: Gengar|Ice Punch|p2a: Gengar","|-damage|p2a: Gengar|164/271","|","|-heal|p1a: Gengar|183/271|[from] item: Leftovers","|-heal|p2a: Gengar|180/271|[from] item: Leftovers","|upkeep","|turn|7","||adding 10 for new turn","|","|t:|1752917877","|move|p1a: Gengar|Ice Punch|p2a: Gengar","|-damage|p2a: Gengar|76/271","|move|p2a: Gengar|Ice Punch|p1a: Gengar","|-crit|p1a: Gengar","|-damage|p1a: Gengar|0 fnt","|faint|p1a: Gengar","||adding 5 to each for mid turn request","|","|t:|1752917878","|switch|p1a: Starmie|Starmie|262/262","|-damage|p1a: Starmie|197/262|[from] Spikes","|","|-heal|p1a: Starmie|213/262|[from] item: Leftovers","|-heal|p2a: Gengar|92/271|[from] item: Leftovers","|upkeep","|turn|8","||adding 10 for new turn","|","|t:|1752917879","|move|p1a: Starmie|Ice Beam|p2a: Gengar","|-damage|p2a: Gengar|0 fnt","|faint|p2a: Gengar","||adding 5 to each for mid turn request","|","|t:|1752917880","|switch|p2a: Jolteon|Jolteon, M|272/272","|-damage|p2a: Jolteon|204/272|[from] Spikes","|","|-heal|p2a: Jolteon|221/272|[from] item: Leftovers","|-heal|p1a: Starmie|229/262|[from] item: Leftovers","|upkeep","|turn|9","||adding 10 for new turn","|","|t:|1752917880","|switch|p1a: Jolteon|Jolteon, F|272/272","|-damage|p1a: Jolteon|204/272|[from] Spikes","|move|p2a: Jolteon|Thunderbolt|p1a: Jolteon","|-heal|p1a: Jolteon|272/272|[from] ability: Volt Absorb|[of] p2a: Jolteon","|","|-heal|p2a: Jolteon|238/272|[from] item: Leftovers","|upkeep","|turn|10","||adding 10 for new turn","|","|t:|1752917881","|move|p1a: Jolteon|Hidden Power|p2a: Jolteon","|-damage|p2a: Jolteon|155/272","|move|p2a: Jolteon|Thunder Wave|p1a: Jolteon","|-status|p1a: Jolteon|par","|","|-heal|p2a: Jolteon|172/272|[from] item: Leftovers","|upkeep","|turn|11","||adding 10 for new turn","|","|t:|1752917882","|move|p2a: Jolteon|Hidden Power|p1a: Jolteon","|-damage|p1a: Jolteon|189/272 par","|cant|p1a: Jolteon|par","|","|-heal|p2a: Jolteon|189/272|[from] item: Leftovers","|-heal|p1a: Jolteon|206/272 par|[from] item: Leftovers","|upkeep","|turn|12","||adding 10 for new turn","|","|t:|1752917883","|move|p2a: Jolteon|Hidden Power|p1a: Jolteon","|-damage|p1a: Jolteon|134/272 par","|move|p1a: Jolteon|Hidden Power|p2a: Jolteon","|-damage|p2a: Jolteon|112/272","|","|-heal|p2a: Jolteon|129/272|[from] item: Leftovers","|-heal|p1a: Jolteon|151/272 par|[from] item: Leftovers","|upkeep","|turn|13","||adding 10 for new turn","|","|t:|1752917884","|move|p2a: Jolteon|Hidden Power|p1a: Jolteon","|-damage|p1a: Jolteon|75/272 par","|move|p1a: Jolteon|Hidden Power|p2a: Jolteon","|-damage|p2a: Jolteon|56/272","|","|-heal|p2a: Jolteon|73/272|[from] item: Leftovers","|-heal|p1a: Jolteon|92/272 par|[from] item: Leftovers","|upkeep","|turn|14","||adding 10 for new turn","|","|t:|1752917885","|move|p2a: Jolteon|Hidden Power|p1a: Jolteon","|-damage|p1a: Jolteon|14/272 par","|cant|p1a: Jolteon|par","|","|-heal|p2a: Jolteon|90/272|[from] item: Leftovers","|-heal|p1a: Jolteon|31/272 par|[from] item: Leftovers","|upkeep","|turn|15","||adding 10 for new turn","|","|t:|1752917886","|move|p2a: Jolteon|Hidden Power|p1a: Jolteon","|-crit|p1a: Jolteon","|-damage|p1a: Jolteon|0 fnt","|faint|p1a: Jolteon","||adding 5 to each for mid turn request","|","|t:|1752917886","|switch|p1a: Tyranitar|Tyranitar, M|404/404","|-damage|p1a: Tyranitar|303/404|[from] Spikes","|-weather|Sandstorm|[from] ability: Sand Stream|[of] p1a: Tyranitar","|","|-weather|Sandstorm|[upkeep]","|-damage|p2a: Jolteon|73/272|[from] Sandstorm","|-heal|p2a: Jolteon|90/272|[from] item: Leftovers","|-heal|p1a: Tyranitar|328/404|[from] item: Leftovers","|upkeep","|turn|16","||adding 10 for new turn","|","|t:|1752917887","|move|p2a: Jolteon|Thunderbolt|p1a: Tyranitar","|-damage|p1a: Tyranitar|187/404","|move|p1a: Tyranitar|Rock Slide|p2a: Jolteon","|-damage|p2a: Jolteon|0 fnt","|faint|p2a: Jolteon","||adding 5 to each for mid turn request","|","|t:|1752917889","|switch|p2a: Starmie|Starmie|262/262","|-damage|p2a: Starmie|197/262|[from] Spikes","|","|-weather|Sandstorm|[upkeep]","|-damage|p2a: Starmie|181/262|[from] Sandstorm","|-heal|p2a: Starmie|197/262|[from] item: Leftovers","|-heal|p1a: Tyranitar|212/404|[from] item: Leftovers","|upkeep","|turn|17","||adding 10 for new turn","|","|t:|1752917890","|move|p2a: Starmie|Hydro Pump|p1a: Tyranitar","|-supereffective|p1a: Tyranitar","|-damage|p1a: Tyranitar|0 fnt","|faint|p1a: Tyranitar","||adding 5 to each for mid turn request","|","|t:|1752917891","|switch|p1a: Starmie|Starmie|229/262","|-damage|p1a: Starmie|164/262|[from] Spikes","|","|-weather|Sandstorm|[upkeep]","|-damage|p1a: Starmie|148/262|[from] Sandstorm","|-damage|p2a: Starmie|181/262|[from] Sandstorm","|-heal|p1a: Starmie|164/262|[from] item: Leftovers","|-heal|p2a: Starmie|197/262|[from] item: Leftovers","|upkeep","|turn|18","||adding 10 for new turn","|","|t:|1752917891","|move|p1a: Starmie|Thunderbolt|p2a: Starmie","|-supereffective|p2a: Starmie","|-damage|p2a: Starmie|0 fnt","|faint|p2a: Starmie","||adding 5 to each for mid turn request","|","|t:|1752917892","|switch|p2a: Metagross|Metagross|318/318","|-damage|p2a: Metagross|239/318|[from] Spikes","|","|-weather|Sandstorm|[upkeep]","|-damage|p1a: Starmie|148/262|[from] Sandstorm","|-heal|p1a: Starmie|164/262|[from] item: Leftovers","|upkeep","|turn|19","||adding 10 for new turn","|","|t:|1752917893","|move|p1a: Starmie|Hydro Pump|p2a: Metagross","|-damage|p2a: Metagross|52/318","|move|p2a: Metagross|Rock Slide|p1a: Starmie","|-damage|p1a: Starmie|0 fnt","|faint|p1a: Starmie","||adding 5 to each for mid turn request","|","|t:|1752917895","|switch|p1a: Skarmory|Skarmory, F|334/334","|","|-weather|Sandstorm|[upkeep]","|upkeep","|turn|20","||adding 10 for new turn","|","|t:|1752917895","|move|p2a: Metagross|Rock Slide|p1a: Skarmory|[miss]","|-miss|p2a: Metagross|p1a: Skarmory","|move|p1a: Skarmory|Roar|p2a: Metagross","|drag|p2a: Tyranitar|Tyranitar, F|404/404","|-damage|p2a: Tyranitar|303/404|[from] Spikes","|","|-weather|Sandstorm|[upkeep]","|-heal|p2a: Tyranitar|328/404|[from] item: Leftovers","|upkeep","|turn|21","||adding 10 for new turn","|","|t:|1752917897","|move|p1a: Skarmory|Toxic|p2a: Tyranitar","|-status|p2a: Tyranitar|tox","|move|p2a: Tyranitar|Rock Slide|p1a: Skarmory","|-damage|p1a: Skarmory|227/334","|","|-weather|Sandstorm|[upkeep]","|-heal|p1a: Skarmory|247/334|[from] item: Leftovers","|-heal|p2a: Tyranitar|353/404 tox|[from] item: Leftovers","|-damage|p2a: Tyranitar|328/404 tox|[from] psn","|upkeep","|turn|22","||adding 10 for new turn","|","|t:|1752917898","|-singleturn|p2a: Tyranitar|move: Focus Punch","|move|p1a: Skarmory|Protect|p1a: Skarmory","|-singleturn|p1a: Skarmory|Protect","|move|p2a: Tyranitar|Focus Punch|p1a: Skarmory","|-activate|p1a: Skarmory|Protect","|","|-weather|Sandstorm|[upkeep]","|-heal|p1a: Skarmory|267/334|[from] item: Leftovers","|-heal|p2a: Tyranitar|353/404 tox|[from] item: Leftovers","|-damage|p2a: Tyranitar|303/404 tox|[from] psn","|upkeep","|turn|23","||adding 10 for new turn","|","|t:|1752917899","|-singleturn|p2a: Tyranitar|move: Focus Punch","|move|p1a: Skarmory|Protect||[still]","|-fail|p1a: Skarmory","|move|p2a: Tyranitar|Focus Punch|p1a: Skarmory","|-damage|p1a: Skarmory|115/334","|","|-weather|Sandstorm|[upkeep]","|-heal|p1a: Skarmory|135/334|[from] item: Leftovers","|-heal|p2a: Tyranitar|328/404 tox|[from] item: Leftovers","|-damage|p2a: Tyranitar|253/404 tox|[from] psn","|upkeep","|turn|24","||adding 10 for new turn","|","|t:|1752917900","|-singleturn|p2a: Tyranitar|move: Focus Punch","|move|p1a: Skarmory|Protect|p1a: Skarmory","|-singleturn|p1a: Skarmory|Protect","|move|p2a: Tyranitar|Focus Punch|p1a: Skarmory","|-activate|p1a: Skarmory|Protect","|","|-weather|Sandstorm|[upkeep]","|-heal|p1a: Skarmory|155/334|[from] item: Leftovers","|-heal|p2a: Tyranitar|278/404 tox|[from] item: Leftovers","|-damage|p2a: Tyranitar|178/404 tox|[from] psn","|upkeep","|turn|25","||adding 10 for new turn","|","|t:|1752917900","|-singleturn|p2a: Tyranitar|move: Focus Punch","|move|p1a: Skarmory|Protect||[still]","|-fail|p1a: Skarmory","|move|p2a: Tyranitar|Focus Punch|p1a: Skarmory","|-damage|p1a: Skarmory|3/334","|","|-weather|Sandstorm|[upkeep]","|-heal|p1a: Skarmory|23/334|[from] item: Leftovers","|-heal|p2a: Tyranitar|203/404 tox|[from] item: Leftovers","|-damage|p2a: Tyranitar|78/404 tox|[from] psn","|upkeep","|turn|26","||adding 10 for new turn","|","|t:|1752917901","|-singleturn|p2a: Tyranitar|move: Focus Punch","|move|p1a: Skarmory|Protect|p1a: Skarmory","|-singleturn|p1a: Skarmory|Protect","|move|p2a: Tyranitar|Focus Punch|p1a: Skarmory","|-activate|p1a: Skarmory|Protect","|","|-weather|Sandstorm|[upkeep]","|-heal|p1a: Skarmory|43/334|[from] item: Leftovers","|-heal|p2a: Tyranitar|103/404 tox|[from] item: Leftovers","|-damage|p2a: Tyranitar|0 fnt|[from] psn","|faint|p2a: Tyranitar","|upkeep","||adding 5 to each for mid turn request","|","|t:|1752917902","|switch|p2a: Metagross|Metagross|52/318","|-damage|p2a: Metagross|0 fnt|[from] Spikes","|faint|p2a: Metagross","|","|win|foultestchallenge1",""],"p1rating":null,"p2rating":null,"endType":"normal","ladderError":true,"timestamp":"Sat Jul 19 2025 02:38:22 GMT-0700 (アメリカ太平洋夏時間)","roomid":"battle-gen3ou-887","format":"gen3ou"}