{"winner":"foultestchallenge1","seed":"sodium,24d72a1ce093633320189b358c67206a","turns":34,"p1":"foultestchallenge1","p2":"foultestacceptor1","p1team":[{"name":"Zapdos","species":"Zapdos","item":"Leftovers","ability":"Pressure","moves":["Thunderbolt","Hidden Power Grass","Baton Pass","Roar"],"nature":"Modest","evs":{"hp":0,"atk":0,"def":0,"spa":220,"spd":48,"spe":240},"gender":"N","ivs":{"hp":31,"atk":2,"def":31,"spa":30,"spd":31,"spe":31},"happiness":255,"hpType":"Grass","pokeball":"","gigantamax":false,"dynamaxLevel":10,"teraType":"","level":100},{"name":"Metagross","species":"Metagross","item":"Choice Band","ability":"Clear Body","moves":["Meteor Mash","Explosion","Earthquake","Rock Slide"],"nature":"Adamant","evs":{"hp":128,"atk":252,"def":0,"spa":0,"spd":0,"spe":128},"gender":"N","level":100,"ivs":{"hp":31,"atk":31,"def":31,"spa":31,"spd":31,"spe":31}},{"name":"Celebi","species":"Celebi","item":"Leftovers","ability":"Natural Cure","moves":["Calm Mind","Giga Drain","Hidden Power Ice","Baton Pass"],"nature":"Timid","evs":{"hp":208,"atk":0,"def":84,"spa":36,"spd":0,"spe":180},"gender":"N","ivs":{"hp":31,"atk":3,"def":31,"spa":31,"spd":31,"spe":30},"happiness":255,"hpType":"Ice","pokeball":"","gigantamax":false,"dynamaxLevel":10,"teraType":"","level":100},{"name":"Gengar","species":"Gengar","item":"Leftovers","ability":"Levitate","moves":["Thunderbolt","Ice Punch","Giga Drain","Explosion"],"nature":"Timid","evs":{"hp":8,"atk":0,"def":200,"spa":116,"spd":0,"spe":184},"gender":"M","level":100,"ivs":{"hp":31,"atk":31,"def":31,"spa":31,"spd":31,"spe":31}},{"name":"Swampert","species":"Swampert","item":"Leftovers","ability":"Torrent","moves":["Hydro Pump","Earthquake","Ice Beam","Refresh"],"nature":"Quiet","evs":{"hp":240,"atk":0,"def":12,"spa":216,"spd":0,"spe":40},"gender":"M","level":100,"ivs":{"hp":31,"atk":31,"def":31,"spa":31,"spd":31,"spe":31}},{"name":"Charizard","species":"Charizard","item":"Leftovers","ability":"Blaze","moves":["Substitute","Hidden Power Grass","Fire Blast","Focus Punch"],"nature":"Mild","evs":{"hp":0,"atk":4,"def":0,"spa":252,"spd":0,"spe":252},"gender":"F","ivs":{"hp":31,"atk":30,"def":31,"spa":30,"spd":31,"spe":31},"happiness":255,"hpType":"Grass","pokeball":"","gigantamax":false,"dynamaxLevel":10,"teraType":"","level":100}],"p2team":[{"name":"Metagross","species":"Metagross","item":"Leftovers","ability":"Clear Body","moves":["Meteor Mash","Earthquake","Agility","Explosion"],"nature":"Adamant","evs":{"hp":152,"atk":252,"def":0,"spa":0,"spd":0,"spe":104},"gender":"N","level":100,"ivs":{"hp":31,"atk":31,"def":31,"spa":31,"spd":31,"spe":31}},{"name":"Milotic","species":"Milotic","item":"Leftovers","ability":"Marvel Scale","moves":["Hypnosis","Surf","Ice Beam","Recover"],"nature":"Bold","evs":{"hp":248,"atk":0,"def":212,"spa":0,"spd":0,"spe":48},"gender":"M","ivs":{"hp":31,"atk":0,"def":31,"spa":31,"spd":31,"spe":31},"level":100},{"name":"Celebi","species":"Celebi","item":"Leftovers","ability":"Natural Cure","moves":["Swords Dance","Hidden Power Rock","Baton Pass","Recover"],"nature":"Jolly","evs":{"hp":240,"atk":0,"def":44,"spa":0,"spd":4,"spe":220},"gender":"N","ivs":{"hp":31,"atk":31,"def":30,"spa":31,"spd":30,"spe":30},"happiness":255,"hpType":"Rock","pokeball":"","gigantamax":false,"dynamaxLevel":10,"teraType":"","level":100},{"name":"Magneton","species":"Magneton","item":"Leftovers","ability":"Magnet Pull","moves":["Thunderbolt","Hidden Power Fire","Thunder Wave","Toxic"],"nature":"Timid","evs":{"hp":144,"atk":0,"def":0,"spa":112,"spd":0,"spe":252},"gender":"N","ivs":{"hp":31,"atk":2,"def":31,"spa":30,"spd":31,"spe":30},"happiness":255,"hpType":"Fire","pokeball":"","gigantamax":false,"dynamaxLevel":10,"teraType":"","level":100},{"name":"Heracross","species":"Heracross","item":"Leftovers","ability":"Guts","moves":["Megahorn","Rock Slide","Hidden Power Ghost","Brick Break"],"nature":"Adamant","evs":{"hp":144,"atk":16,"def":0,"spa":0,"spd":184,"spe":164},"gender":"M","ivs":{"hp":31,"atk":31,"def":30,"spa":31,"spd":30,"spe":31},"happiness":255,"hpType":"Ghost","pokeball":"","gigantamax":false,"dynamaxLevel":10,"teraType":"","level":100},{"name":"Gyarados","species":"Gyarados","item":"Leftovers","ability":"Intimidate","moves":["Hidden Power Flying","Double-Edge","Earthquake","Dragon Dance"],"nature":"Jolly","evs":{"hp":0,"atk":252,"def":4,"spa":0,"spd":0,"spe":252},"gender":"F","ivs":{"hp":30,"atk":30,"def":30,"spa":30,"spd":30,"spe":31},"happiness":255,"hpType":"Flying","pokeball":"","gigantamax":false,"dynamaxLevel":10,"teraType":"","level":100}],"score":[4,0],"inputLog":[">version 372d05e49c92a79eecdf6c8dddb208bd1765c00f",">start {\"formatid\":\"gen3ou\",\"seed\":\"sodium,24d72a1ce093633320189b358c67206a\"}",">player p1 {\"name\":\"foultestchallenge1\",\"avatar\":\"1\",\"team\":\"Zapdos||Leftovers|Pressure|Thunderbolt,HiddenPowerGrass,BatonPass,Roar|Modest|,,,220,48,240|N|,2,,30,,|||,Grass,,,,]Metagross||ChoiceBand|ClearBody|MeteorMash,Explosion,Earthquake,RockSlide|Adamant|128,252,,,,128|N||||]Celebi||Leftovers|NaturalCure|CalmMind,GigaDrain,HiddenPowerIce,BatonPass|Timid|208,,84,36,,180|N|,3,,,,30|||,Ice,,,,]Gengar||Leftovers|Levitate|Thunderbolt,IcePunch,GigaDrain,Explosion|Timid|8,,200,116,,184|M||||]Swampert||Leftovers|Torrent|HydroPump,Earthquake,IceBeam,Refresh|Quiet|240,,12,216,,40|M||||]Charizard||Leftovers|Blaze|Substitute,HiddenPowerGrass,FireBlast,FocusPunch|Mild|,4,,252,,252|F|,30,,30,,|||,Grass,,,,\",\"rating\":0}",">player p2 {\"name\":\"foultestacceptor1\",\"avatar\":\"1\",\"team\":\"Metagross||Leftovers|ClearBody|MeteorMash,Earthquake,Agility,Explosion|Adamant|152,252,,,,104|N||||]Milotic||Leftovers|MarvelScale|Hypnosis,Surf,IceBeam,Recover|Bold|248,,212,,,48|M|,0,,,,|||]Celebi||Leftovers|NaturalCure|SwordsDance,HiddenPowerRock,BatonPass,Recover|Jolly|240,,44,,4,220|N|,,30,,30,30|||,Rock,,,,]Magneton||Leftovers|MagnetPull|Thunderbolt,HiddenPowerFire,ThunderWave,Toxic|Timid|144,,,112,,252|N|,2,,30,,30|||,Fire,,,,]Heracross||Leftovers|Guts|Megahorn,RockSlide,HiddenPowerGhost,BrickBreak|Adamant|144,16,,,184,164|M|,,30,,30,|||,Ghost,,,,]Gyarados||Leftovers|Intimidate|HiddenPowerFlying,DoubleEdge,Earthquake,DragonDance|Jolly|,252,4,,,252|F|30,30,30,30,30,|||,Flying,,,,\",\"rating\":0}",">p1 move thunderbolt",">p2 move meteormash",">p1 move thunderbolt",">p2 switch 3",">p1 move thunderbolt",">p2 move hiddenpower",">p1 switch 2",">p2 move hiddenpower",">p1 move meteormash",">p2 move swordsdance",">p1 move meteormash",">p2 move batonpass",">p2 switch 3",">p1 move meteormash",">p2 move earthquake",">p2 switch 4",">p1 move meteormash",">p2 move thunderbolt",">p1 move meteormash",">p2 move thunderbolt",">p1 switch 5",">p1 move hydropump",">p2 switch 6",">p1 switch 2",">p2 move dragondance",">p1 switch 4",">p2 move doubleedge",">p1 move thunderbolt",">p2 switch 5",">p1 move thunderbolt",">p2 move hiddenpower",">p1 move explosion",">p2 move hiddenpower",">p1 switch 4",">p2 switch 5",">p1 move thunderbolt",">p2 move doubleedge",">p2 switch 3",">p1 switch 2",">p2 move recover",">p1 move icebeam",">p2 move swordsdance",">p1 move icebeam",">p2 move recover",">p1 move icebeam",">p2 move recover",">p1 move icebeam",">p2 switch 2",">p1 move earthquake",">p2 move surf",">p1 switch 3",">p2 move surf",">p1 move calmmind",">p2 switch 2",">p1 move calmmind",">p2 move recover",">p1 move hiddenpower",">p2 move swordsdance",">p2 switch 2",">p1 move gigadrain",">p2 move hypnosis",">p1 move calmmind",">p2 move recover",">p1 move gigadrain",">p2 move icebeam",">p1 move gigadrain",">p2 move icebeam",">p1 move gigadrain",">p2 switch 6",">p1 move gigadrain",">p2 switch 6",">p2 switch 6",">p1 switch 3",">p2 move thunderbolt",">p1 move earthquake",">p2 move hiddenpower"],"log":["|j|☆foultestchallenge1","|j|☆foultestacceptor1","|t:|1752924436","|gametype|singles","|player|p1|foultestchallenge1|1|","|player|p2|foultestacceptor1|1|","|teamsize|p1|6","|teamsize|p2|6","|gen|3","|tier|[Gen 3] OU","|rule|Sleep Clause Mod: Limit one foe put to sleep","|rule|Switch Priority Clause Mod: Faster Pokémon switch first","|rule|Species Clause: Limit one of each Pokémon","|rule|OHKO Clause: OHKO moves are banned","|rule|Evasion Items Clause: Evasion items are banned","|rule|Evasion Moves Clause: Evasion moves are banned","|rule|Endless Battle Clause: Forcing endless battles is banned","|rule|HP Percentage Mod: HP is shown in percentages","|rule|One Boost Passer Clause: Limit one Baton Passer that has a way to boost its stats","|rule|Freeze Clause Mod: Limit one foe frozen","|","|t:|1752924436","|start","|switch|p1a: Zapdos|Zapdos|321/321","|switch|p2a: Metagross|Metagross|339/339","|-ability|p1a: Zapdos|Pressure|[silent]","|turn|1","|inactive|Battle timer is ON: inactive players will automatically lose when time's up. (requested by foultestacceptor1)","|inactive|foultestchallenge1 also wants the timer to be on.","|","|t:|1752924437","|move|p1a: Zapdos|Thunderbolt|p2a: Metagross","|-damage|p2a: Metagross|132/339","|move|p2a: Metagross|Meteor Mash|p1a: Zapdos","|-resisted|p1a: Zapdos","|-damage|p1a: Zapdos|205/321","|","|-heal|p1a: Zapdos|225/321|[from] item: Leftovers","|-heal|p2a: Metagross|153/339|[from] item: Leftovers","|upkeep","|turn|2","||adding 10 for new turn","|","|t:|1752924439","|switch|p2a: Celebi|Celebi|401/401","|move|p1a: Zapdos|Thunderbolt|p2a: Celebi","|-resisted|p2a: Celebi","|-damage|p2a: Celebi|312/401","|","|-heal|p2a: Celebi|337/401|[from] item: Leftovers","|-heal|p1a: Zapdos|245/321|[from] item: Leftovers","|upkeep","|turn|3","||adding 10 for new turn","|","|t:|1752924440","|move|p2a: Celebi|Hidden Power|p1a: Zapdos","|-supereffective|p1a: Zapdos","|-damage|p1a: Zapdos|116/321","|move|p1a: Zapdos|Thunderbolt|p2a: Celebi","|-resisted|p2a: Celebi","|-damage|p2a: Celebi|254/401","|","|-heal|p2a: Celebi|279/401|[from] item: Leftovers","|-heal|p1a: Zapdos|136/321|[from] item: Leftovers","|upkeep","|turn|4","||adding 10 for new turn","|","|t:|1752924441","|switch|p1a: Metagross|Metagross|333/333","|move|p2a: Celebi|Hidden Power|p1a: Metagross","|-resisted|p1a: Metagross","|-damage|p1a: Metagross|311/333","|","|-heal|p2a: Celebi|304/401|[from] item: Leftovers","|upkeep","|turn|5","||adding 10 for new turn","|","|t:|1752924442","|move|p2a: Celebi|Swords Dance|p2a: Celebi","|-boost|p2a: Celebi|atk|2","|move|p1a: Metagross|Meteor Mash|p2a: Celebi","|-damage|p2a: Celebi|4/401","|","|-heal|p2a: Celebi|29/401|[from] item: Leftovers","|upkeep","|turn|6","||adding 10 for new turn","|","|t:|1752924443","|move|p2a: Celebi|Baton Pass|p2a: Celebi","||adding 5 to each for mid turn request","|","|t:|1752924444","|switch|p2a: Metagross|Metagross|153/339|[from] Baton Pass","|move|p1a: Metagross|Meteor Mash|p2a: Metagross","|-resisted|p2a: Metagross","|-damage|p2a: Metagross|43/339","|-boost|p1a: Metagross|atk|1","|","|-heal|p2a: Metagross|64/339|[from] item: Leftovers","|upkeep","|turn|7","||adding 10 for new turn","|","|t:|1752924445","|move|p1a: Metagross|Meteor Mash|p2a: Metagross","|-resisted|p2a: Metagross","|-damage|p2a: Metagross|0 fnt","|faint|p2a: Metagross","||adding 5 to each for mid turn request","|","|t:|1752924445","|switch|p2a: Magneton|Magneton|277/277","|","|upkeep","|turn|8","||adding 10 for new turn","|","|t:|1752924447","|move|p2a: Magneton|Thunderbolt|p1a: Metagross","|-damage|p1a: Metagross|146/333","|move|p1a: Metagross|Meteor Mash|p2a: Magneton","|-resisted|p2a: Magneton","|-damage|p2a: Magneton|161/277","|","|-heal|p2a: Magneton|178/277|[from] item: Leftovers","|upkeep","|turn|9","||adding 10 for new turn","|","|t:|1752924448","|move|p2a: Magneton|Thunderbolt|p1a: Metagross","|-damage|p1a: Metagross|0 fnt","|faint|p1a: Metagross","||adding 5 to each for mid turn request","|","|t:|1752924449","|switch|p1a: Swampert|Swampert, M|401/401","|","|-heal|p2a: Magneton|195/277|[from] item: Leftovers","|upkeep","|turn|10","||adding 10 for new turn","|","|t:|1752924450","|switch|p2a: Gyarados|Gyarados, F|330/330","|-ability|p2a: Gyarados|Intimidate|boost","|-unboost|p1a: Swampert|atk|1","|move|p1a: Swampert|Hydro Pump|p2a: Gyarados|[miss]","|-miss|p1a: Swampert|p2a: Gyarados","|","|upkeep","|turn|11","||adding 10 for new turn","|","|t:|1752924451","|switch|p1a: Zapdos|Zapdos|136/321","|-ability|p1a: Zapdos|Pressure|[silent]","|move|p2a: Gyarados|Dragon Dance|p2a: Gyarados","|-boost|p2a: Gyarados|atk|1","|-boost|p2a: Gyarados|spe|1","|","|-heal|p1a: Zapdos|156/321|[from] item: Leftovers","|upkeep","|turn|12","||adding 10 for new turn","|","|t:|1752924452","|switch|p1a: Gengar|Gengar, M|263/263","|move|p2a: Gyarados|Double-Edge|p1a: Gengar","|-immune|p1a: Gengar","|","|upkeep","|turn|13","||adding 10 for new turn","|","|t:|1752924453","|switch|p2a: Heracross|Heracross, M|337/337","|move|p1a: Gengar|Thunderbolt|p2a: Heracross","|-damage|p2a: Heracross|250/337","|","|-heal|p2a: Heracross|271/337|[from] item: Leftovers","|upkeep","|turn|14","||adding 10 for new turn","|","|t:|1752924455","|move|p1a: Gengar|Thunderbolt|p2a: Heracross","|-damage|p2a: Heracross|187/337","|move|p2a: Heracross|Hidden Power|p1a: Gengar","|-supereffective|p1a: Gengar","|-damage|p1a: Gengar|81/263","|","|-heal|p1a: Gengar|97/263|[from] item: Leftovers","|-heal|p2a: Heracross|208/337|[from] item: Leftovers","|upkeep","|turn|15","||adding 10 for new turn","|","|t:|1752924456","|move|p1a: Gengar|Explosion|p2a: Heracross","|-damage|p2a: Heracross|0 fnt","|faint|p1a: Gengar","|faint|p2a: Heracross","||adding 5 to each for mid turn request","|","|t:|1752924457","|switch|p1a: Zapdos|Zapdos|156/321","|switch|p2a: Gyarados|Gyarados, F|330/330","|-ability|p1a: Zapdos|Pressure|[silent]","|-ability|p2a: Gyarados|Intimidate|boost","|-unboost|p1a: Zapdos|atk|1","|","|-heal|p1a: Zapdos|176/321|[from] item: Leftovers","|upkeep","|turn|16","||adding 10 for new turn","|","|t:|1752924458","|move|p1a: Zapdos|Thunderbolt|p2a: Gyarados","|-supereffective|p2a: Gyarados","|-damage|p2a: Gyarados|0 fnt","|faint|p2a: Gyarados","||adding 5 to each for mid turn request","|","|t:|1752924459","|switch|p2a: Celebi|Celebi|29/401","|","|-heal|p2a: Celebi|54/401|[from] item: Leftovers","|-heal|p1a: Zapdos|196/321|[from] item: Leftovers","|upkeep","|turn|17","||adding 10 for new turn","|","|t:|1752924460","|switch|p1a: Swampert|Swampert, M|401/401","|move|p2a: Celebi|Recover|p2a: Celebi","|-heal|p2a: Celebi|254/401","|","|-heal|p2a: Celebi|279/401|[from] item: Leftovers","|upkeep","|turn|18","||adding 10 for new turn","|","|t:|1752924460","|move|p2a: Celebi|Swords Dance|p2a: Celebi","|-boost|p2a: Celebi|atk|2","|move|p1a: Swampert|Ice Beam|p2a: Celebi","|-supereffective|p2a: Celebi","|-damage|p2a: Celebi|83/401","|","|-heal|p2a: Celebi|108/401|[from] item: Leftovers","|upkeep","|turn|19","||adding 10 for new turn","|","|t:|1752924461","|move|p2a: Celebi|Recover|p2a: Celebi","|-heal|p2a: Celebi|308/401","|move|p1a: Swampert|Ice Beam|p2a: Celebi","|-supereffective|p2a: Celebi","|-damage|p2a: Celebi|114/401","|","|-heal|p2a: Celebi|139/401|[from] item: Leftovers","|upkeep","|turn|20","||adding 10 for new turn","|","|t:|1752924462","|move|p2a: Celebi|Recover|p2a: Celebi","|-heal|p2a: Celebi|339/401","|move|p1a: Swampert|Ice Beam|p2a: Celebi","|-supereffective|p2a: Celebi","|-damage|p2a: Celebi|151/401","|-status|p2a: Celebi|frz","|","|-heal|p2a: Celebi|176/401 frz|[from] item: Leftovers","|upkeep","|turn|21","||adding 10 for new turn","|","|t:|1752924463","|-curestatus|p2a: Celebi|frz|[from] ability: Natural Cure","|switch|p2a: Milotic|Milotic, M|393/393","|move|p1a: Swampert|Ice Beam|p2a: Milotic","|-resisted|p2a: Milotic","|-damage|p2a: Milotic|358/393","|","|-heal|p2a: Milotic|382/393|[from] item: Leftovers","|upkeep","|turn|22","||adding 10 for new turn","|","|t:|1752924464","|move|p2a: Milotic|Surf|p1a: Swampert","|-crit|p1a: Swampert","|-damage|p1a: Swampert|143/401","|move|p1a: Swampert|Earthquake|p2a: Milotic","|-damage|p2a: Milotic|271/393","|","|-heal|p2a: Milotic|295/393|[from] item: Leftovers","|-heal|p1a: Swampert|168/401|[from] item: Leftovers","|upkeep","|turn|23","||adding 10 for new turn","|","|t:|1752924465","|switch|p1a: Celebi|Celebi|393/393","|move|p2a: Milotic|Surf|p1a: Celebi","|-resisted|p1a: Celebi","|-damage|p1a: Celebi|341/393","|","|-heal|p1a: Celebi|365/393|[from] item: Leftovers","|-heal|p2a: Milotic|319/393|[from] item: Leftovers","|upkeep","|turn|24","||adding 10 for new turn","|","|t:|1752924466","|switch|p2a: Celebi|Celebi|176/401","|move|p1a: Celebi|Calm Mind|p1a: Celebi","|-boost|p1a: Celebi|spa|1","|-boost|p1a: Celebi|spd|1","|","|-heal|p2a: Celebi|201/401|[from] item: Leftovers","|-heal|p1a: Celebi|389/393|[from] item: Leftovers","|upkeep","|turn|25","||adding 10 for new turn","|","|t:|1752924467","|move|p2a: Celebi|Recover|p2a: Celebi","|-heal|p2a: Celebi|401/401","|move|p1a: Celebi|Calm Mind|p1a: Celebi","|-boost|p1a: Celebi|spa|1","|-boost|p1a: Celebi|spd|1","|","|-heal|p1a: Celebi|393/393|[from] item: Leftovers","|upkeep","|turn|26","||adding 10 for new turn","|","|t:|1752924468","|move|p2a: Celebi|Swords Dance|p2a: Celebi","|-boost|p2a: Celebi|atk|2","|move|p1a: Celebi|Hidden Power|p2a: Celebi","|-supereffective|p2a: Celebi","|-crit|p2a: Celebi","|-damage|p2a: Celebi|0 fnt","|faint|p2a: Celebi","||adding 5 to each for mid turn request","|","|t:|1752924469","|switch|p2a: Milotic|Milotic, M|319/393","|","|-heal|p2a: Milotic|343/393|[from] item: Leftovers","|upkeep","|turn|27","||adding 10 for new turn","|","|t:|1752924469","|move|p1a: Celebi|Giga Drain|p2a: Milotic","|-supereffective|p2a: Milotic","|-damage|p2a: Milotic|119/393","|move|p2a: Milotic|Hypnosis|p1a: Celebi","|-status|p1a: Celebi|slp|[from] move: Hypnosis","|","|-heal|p2a: Milotic|143/393|[from] item: Leftovers","|upkeep","|turn|28","||adding 10 for new turn","|","|t:|1752924470","|cant|p1a: Celebi|slp","|move|p2a: Milotic|Recover|p2a: Milotic","|-heal|p2a: Milotic|339/393","|","|-heal|p2a: Milotic|363/393|[from] item: Leftovers","|upkeep","|turn|29","||adding 10 for new turn","|","|t:|1752924471","|cant|p1a: Celebi|slp","|move|p2a: Milotic|Ice Beam|p1a: Celebi","|-supereffective|p1a: Celebi","|-damage|p1a: Celebi|322/393 slp","|","|-heal|p1a: Celebi|346/393 slp|[from] item: Leftovers","|-heal|p2a: Milotic|387/393|[from] item: Leftovers","|upkeep","|turn|30","||adding 10 for new turn","|","|t:|1752924472","|-curestatus|p1a: Celebi|slp|[msg]","|move|p1a: Celebi|Giga Drain|p2a: Milotic","|-supereffective|p2a: Milotic","|-damage|p2a: Milotic|163/393","|-heal|p1a: Celebi|393/393|[from] drain|[of] p2a: Milotic","|move|p2a: Milotic|Ice Beam|p1a: Celebi","|-supereffective|p1a: Celebi","|-damage|p1a: Celebi|323/393","|","|-heal|p1a: Celebi|347/393|[from] item: Leftovers","|-heal|p2a: Milotic|187/393|[from] item: Leftovers","|upkeep","|turn|31","||adding 10 for new turn","|","|t:|1752924473","|switch|p2a: Magneton|Magneton|195/277","|move|p1a: Celebi|Giga Drain|p2a: Magneton","|-resisted|p2a: Magneton","|-damage|p2a: Magneton|98/277","|-heal|p1a: Celebi|393/393|[from] drain|[of] p2a: Magneton","|","|-heal|p2a: Magneton|115/277|[from] item: Leftovers","|upkeep","|turn|32","||adding 10 for new turn","|","|t:|1752924473","|switch|p2a: Milotic|Milotic, M|187/393","|move|p1a: Celebi|Giga Drain|p2a: Milotic","|-supereffective|p2a: Milotic","|-damage|p2a: Milotic|0 fnt","|faint|p2a: Milotic","||adding 5 to each for mid turn request","|","|t:|1752924474","|switch|p2a: Magneton|Magneton|115/277","|","|-heal|p2a: Magneton|132/277|[from] item: Leftovers","|upkeep","|turn|33","||adding 10 for new turn","|","|t:|1752924475","|switch|p1a: Swampert|Swampert, M|168/401","|move|p2a: Magneton|Thunderbolt|p1a: Swampert","|-immune|p1a: Swampert","|","|-heal|p2a: Magneton|149/277|[from] item: Leftovers","|-heal|p1a: Swampert|193/401|[from] item: Leftovers","|upkeep","|turn|34","||adding 10 for new turn","|","|t:|1752924476","|move|p2a: Magneton|Hidden Power|p1a: Swampert","|-resisted|p1a: Swampert","|-damage|p1a: Swampert|153/401","|move|p1a: Swampert|Earthquake|p2a: Magneton","|-supereffective|p2a: Magneton","|-damage|p2a: Magneton|0 fnt","|faint|p2a: Magneton","|","|win|foultestchallenge1",""],"p1rating":null,"p2rating":null,"endType":"normal","ladderError":true,"timestamp":"Sat Jul 19 2025 04:27:56 GMT-0700 (アメリカ太平洋夏時間)","roomid":"battle-gen3ou-946","format":"gen3ou"}