{"winner":"foultestacceptor1","seed":"sodium,8766916e9871f30ad4135cc8fd50e997","turns":33,"p1":"foultestchallenge1","p2":"foultestacceptor1","p1team":[{"name":"Skarmory","species":"Skarmory","item":"Leftovers","ability":"Keen Eye","moves":["Spikes","Roar","Toxic","Protect"],"nature":"Careful","evs":{"hp":252,"atk":0,"def":0,"spa":0,"spd":252,"spe":4},"gender":"F","ivs":{"hp":31,"atk":0,"def":31,"spa":31,"spd":31,"spe":31},"level":100},{"name":"Jolteon","species":"Jolteon","item":"Leftovers","ability":"Volt Absorb","moves":["Thunderbolt","Thunder Wave","Hidden Power Grass","Baton Pass"],"nature":"Timid","evs":{"hp":4,"atk":0,"def":0,"spa":252,"spd":0,"spe":252},"gender":"F","ivs":{"hp":31,"atk":2,"def":31,"spa":30,"spd":31,"spe":31},"happiness":255,"hpType":"Grass","pokeball":"","gigantamax":false,"dynamaxLevel":10,"teraType":"","level":100},{"name":"Tyranitar","species":"Tyranitar","item":"Leftovers","ability":"Sand Stream","moves":["Focus Punch","Earthquake","Hidden Power Bug","Rock Slide"],"nature":"Adamant","evs":{"hp":252,"atk":252,"def":4,"spa":0,"spd":0,"spe":0},"gender":"M","ivs":{"hp":31,"atk":31,"def":31,"spa":31,"spd":30,"spe":30},"happiness":255,"hpType":"Bug","pokeball":"","gigantamax":false,"dynamaxLevel":10,"teraType":"","level":100},{"name":"Gengar","species":"Gengar","item":"Leftovers","ability":"Levitate","moves":["Ice Punch","Fire Punch","Hidden Power Grass","Explosion"],"nature":"Hasty","evs":{"hp":40,"atk":0,"def":0,"spa":252,"spd":0,"spe":216},"gender":"F","ivs":{"hp":31,"atk":30,"def":31,"spa":30,"spd":31,"spe":31},"happiness":255,"hpType":"Grass","pokeball":"","gigantamax":false,"dynamaxLevel":10,"teraType":"","level":100},{"name":"Metagross","species":"Metagross","item":"Choice Band","ability":"Clear Body","moves":["Meteor Mash","Earthquake","Rock Slide","Explosion"],"nature":"Adamant","evs":{"hp":68,"atk":252,"def":0,"spa":0,"spd":0,"spe":188},"gender":"N","level":100,"ivs":{"hp":31,"atk":31,"def":31,"spa":31,"spd":31,"spe":31}},{"name":"Starmie","species":"Starmie","item":"Leftovers","ability":"Natural Cure","moves":["Hydro Pump","Thunderbolt","Ice Beam","Psychic"],"nature":"Timid","evs":{"hp":4,"atk":0,"def":0,"spa":252,"spd":0,"spe":252},"gender":"N","ivs":{"hp":31,"atk":0,"def":31,"spa":31,"spd":31,"spe":31},"level":100}],"p2team":[{"name":"Skarmory","species":"Skarmory","item":"Leftovers","ability":"Keen Eye","moves":["Spikes","Roar","Toxic","Protect"],"nature":"Careful","evs":{"hp":252,"atk":0,"def":0,"spa":0,"spd":252,"spe":4},"gender":"M","ivs":{"hp":31,"atk":0,"def":31,"spa":31,"spd":31,"spe":31},"level":100},{"name":"Jolteon","species":"Jolteon","item":"Leftovers","ability":"Volt Absorb","moves":["Thunderbolt","Thunder Wave","Hidden Power Grass","Baton Pass"],"nature":"Timid","evs":{"hp":4,"atk":0,"def":0,"spa":252,"spd":0,"spe":252},"gender":"M","ivs":{"hp":31,"atk":2,"def":31,"spa":30,"spd":31,"spe":31},"happiness":255,"hpType":"Grass","pokeball":"","gigantamax":false,"dynamaxLevel":10,"teraType":"","level":100},{"name":"Tyranitar","species":"Tyranitar","item":"Leftovers","ability":"Sand Stream","moves":["Focus Punch","Earthquake","Hidden Power Bug","Rock Slide"],"nature":"Adamant","evs":{"hp":252,"atk":252,"def":4,"spa":0,"spd":0,"spe":0},"gender":"M","ivs":{"hp":31,"atk":31,"def":31,"spa":31,"spd":30,"spe":30},"happiness":255,"hpType":"Bug","pokeball":"","gigantamax":false,"dynamaxLevel":10,"teraType":"","level":100},{"name":"Gengar","species":"Gengar","item":"Leftovers","ability":"Levitate","moves":["Ice Punch","Fire Punch","Hidden Power Grass","Explosion"],"nature":"Hasty","evs":{"hp":40,"atk":0,"def":0,"spa":252,"spd":0,"spe":216},"gender":"M","ivs":{"hp":31,"atk":30,"def":31,"spa":30,"spd":31,"spe":31},"happiness":255,"hpType":"Grass","pokeball":"","gigantamax":false,"dynamaxLevel":10,"teraType":"","level":100},{"name":"Metagross","species":"Metagross","item":"Choice Band","ability":"Clear Body","moves":["Meteor Mash","Earthquake","Rock Slide","Explosion"],"nature":"Adamant","evs":{"hp":68,"atk":252,"def":0,"spa":0,"spd":0,"spe":188},"gender":"N","level":100,"ivs":{"hp":31,"atk":31,"def":31,"spa":31,"spd":31,"spe":31}},{"name":"Starmie","species":"Starmie","item":"Leftovers","ability":"Natural Cure","moves":["Hydro Pump","Thunderbolt","Ice Beam","Psychic"],"nature":"Timid","evs":{"hp":4,"atk":0,"def":0,"spa":252,"spd":0,"spe":252},"gender":"N","ivs":{"hp":31,"atk":0,"def":31,"spa":31,"spd":31,"spe":31},"level":100}],"score":[0,3],"inputLog":[">version 372d05e49c92a79eecdf6c8dddb208bd1765c00f",">start {\"formatid\":\"gen3ou\",\"seed\":\"sodium,8766916e9871f30ad4135cc8fd50e997\"}",">player p1 {\"name\":\"foultestchallenge1\",\"avatar\":\"266\",\"team\":\"Skarmory||Leftovers|KeenEye|Spikes,Roar,Toxic,Protect|Careful|252,,,,252,4|F|,0,,,,|||]Jolteon||Leftovers|VoltAbsorb|Thunderbolt,ThunderWave,HiddenPowerGrass,BatonPass|Timid|4,,,252,,252|F|,2,,30,,|||,Grass,,,,]Tyranitar||Leftovers|SandStream|FocusPunch,Earthquake,HiddenPowerBug,RockSlide|Adamant|252,252,4,,,|M|,,,,30,30|||,Bug,,,,]Gengar||Leftovers|Levitate|IcePunch,FirePunch,HiddenPowerGrass,Explosion|Hasty|40,,,252,,216|F|,30,,30,,|||,Grass,,,,]Metagross||ChoiceBand|ClearBody|MeteorMash,Earthquake,RockSlide,Explosion|Adamant|68,252,,,,188|N||||]Starmie||Leftovers|NaturalCure|HydroPump,Thunderbolt,IceBeam,Psychic|Timid|4,,,252,,252|N|,0,,,,|||\",\"rating\":0}",">player p2 {\"name\":\"foultestacceptor1\",\"avatar\":\"169\",\"team\":\"Skarmory||Leftovers|KeenEye|Spikes,Roar,Toxic,Protect|Careful|252,,,,252,4|M|,0,,,,|||]Jolteon||Leftovers|VoltAbsorb|Thunderbolt,ThunderWave,HiddenPowerGrass,BatonPass|Timid|4,,,252,,252|M|,2,,30,,|||,Grass,,,,]Tyranitar||Leftovers|SandStream|FocusPunch,Earthquake,HiddenPowerBug,RockSlide|Adamant|252,252,4,,,|M|,,,,30,30|||,Bug,,,,]Gengar||Leftovers|Levitate|IcePunch,FirePunch,HiddenPowerGrass,Explosion|Hasty|40,,,252,,216|M|,30,,30,,|||,Grass,,,,]Metagross||ChoiceBand|ClearBody|MeteorMash,Earthquake,RockSlide,Explosion|Adamant|68,252,,,,188|N||||]Starmie||Leftovers|NaturalCure|HydroPump,Thunderbolt,IceBeam,Psychic|Timid|4,,,252,,252|N|,0,,,,|||\",\"rating\":0}",">p1 move spikes",">p2 move spikes",">p1 move spikes",">p2 move spikes",">p1 move spikes",">p2 move spikes",">p1 move roar",">p2 move roar",">p1 switch 2",">p2 move thunderbolt",">p1 move thunderwave",">p2 move thunderwave",">p1 move hiddenpower",">p2 move hiddenpower",">p1 move hiddenpower",">p2 move hiddenpower",">p1 move hiddenpower",">p2 move hiddenpower",">p1 move hiddenpower",">p2 move hiddenpower",">p1 move hiddenpower",">p2 move hiddenpower",">p1 move hiddenpower",">p2 move hiddenpower",">p1 switch 4",">p1 move firepunch",">p2 move thunderbolt",">p2 switch 6",">p1 move hiddenpower",">p2 move psychic",">p1 switch 6",">p1 move thunderbolt",">p2 move thunderbolt",">p1 switch 5",">p1 move explosion",">p2 move hydropump",">p1 switch 2",">p2 switch 4",">p1 move protect",">p2 move firepunch",">p1 move protect",">p2 move firepunch",">p1 switch 3",">p2 move firepunch",">p1 move rockslide",">p2 move hiddenpower",">p1 switch 3",">p2 move hiddenpower",">p1 move protect",">p2 move firepunch",">p1 move protect",">p2 move firepunch",">p1 move protect",">p2 move firepunch",">p1 move protect",">p2 move firepunch",">p1 move protect",">p2 move firepunch",">p1 switch 3",">p2 move firepunch",">p1 switch 3",">p1 move roar",">p2 move firepunch",">p1 move protect",">p2 move explosion",">p2 switch 5",">p1 move protect",">p2 move firepunch",">p1 move protect",">p2 move firepunch",">p1 move protect",">p2 move icepunch",">p1 move protect",">p2 move icepunch"],"log":["|j|☆foultestchallenge1","|j|☆foultestacceptor1","|t:|1752917025","|gametype|singles","|player|p1|foultestchallenge1|266|","|player|p2|foultestacceptor1|169|","|teamsize|p1|6","|teamsize|p2|6","|gen|3","|tier|[Gen 3] OU","|rule|Sleep Clause Mod: Limit one foe put to sleep","|rule|Switch Priority Clause Mod: Faster Pokémon switch first","|rule|Species Clause: Limit one of each Pokémon","|rule|OHKO Clause: OHKO moves are banned","|rule|Evasion Items Clause: Evasion items are banned","|rule|Evasion Moves Clause: Evasion moves are banned","|rule|Endless Battle Clause: Forcing endless battles is banned","|rule|HP Percentage Mod: HP is shown in percentages","|rule|One Boost Passer Clause: Limit one Baton Passer that has a way to boost its stats","|rule|Freeze Clause Mod: Limit one foe frozen","|","|t:|1752917025","|start","|switch|p1a: Skarmory|Skarmory, F|334/334","|switch|p2a: Skarmory|Skarmory, M|334/334","|turn|1","|inactive|Battle timer is ON: inactive players will automatically lose when time's up. (requested by foultestchallenge1)","|inactive|foultestacceptor1 also wants the timer to be on.","|","|t:|1752917027","|move|p1a: Skarmory|Spikes|p2a: Skarmory","|-sidestart|p2: foultestacceptor1|Spikes","|move|p2a: Skarmory|Spikes|p1a: Skarmory","|-sidestart|p1: foultestchallenge1|Spikes","|","|upkeep","|turn|2","||adding 10 for new turn","|","|t:|1752917028","|move|p1a: Skarmory|Spikes|p2a: Skarmory","|-sidestart|p2: foultestacceptor1|Spikes","|move|p2a: Skarmory|Spikes|p1a: Skarmory","|-sidestart|p1: foultestchallenge1|Spikes","|","|upkeep","|turn|3","||adding 10 for new turn","|","|t:|1752917029","|move|p1a: Skarmory|Spikes|p2a: Skarmory","|-sidestart|p2: foultestacceptor1|Spikes","|move|p2a: Skarmory|Spikes|p1a: Skarmory","|-sidestart|p1: foultestchallenge1|Spikes","|","|upkeep","|turn|4","||adding 10 for new turn","|","|t:|1752917030","|move|p1a: Skarmory|Roar|p2a: Skarmory","|drag|p2a: Jolteon|Jolteon, M|272/272","|-damage|p2a: Jolteon|204/272|[from] Spikes","|","|-heal|p2a: Jolteon|221/272|[from] item: Leftovers","|upkeep","|turn|5","||adding 10 for new turn","|","|t:|1752917030","|switch|p1a: Jolteon|Jolteon, F|272/272","|-damage|p1a: Jolteon|204/272|[from] Spikes","|move|p2a: Jolteon|Thunderbolt|p1a: Jolteon","|-heal|p1a: Jolteon|272/272|[from] ability: Volt Absorb|[of] p2a: Jolteon","|","|-heal|p2a: Jolteon|238/272|[from] item: Leftovers","|upkeep","|turn|6","||adding 10 for new turn","|","|t:|1752917031","|move|p2a: Jolteon|Thunder Wave|p1a: Jolteon","|-status|p1a: Jolteon|par","|move|p1a: Jolteon|Thunder Wave|p2a: Jolteon","|-status|p2a: Jolteon|par","|","|-heal|p2a: Jolteon|255/272 par|[from] item: Leftovers","|upkeep","|turn|7","||adding 10 for new turn","|","|t:|1752917032","|move|p1a: Jolteon|Hidden Power|p2a: Jolteon","|-damage|p2a: Jolteon|178/272 par","|move|p2a: Jolteon|Hidden Power|p1a: Jolteon","|-damage|p1a: Jolteon|192/272 par","|","|-heal|p1a: Jolteon|209/272 par|[from] item: Leftovers","|-heal|p2a: Jolteon|195/272 par|[from] item: Leftovers","|upkeep","|turn|8","||adding 10 for new turn","|","|t:|1752917033","|move|p2a: Jolteon|Hidden Power|p1a: Jolteon","|-damage|p1a: Jolteon|128/272 par","|move|p1a: Jolteon|Hidden Power|p2a: Jolteon","|-damage|p2a: Jolteon|114/272 par","|","|-heal|p1a: Jolteon|145/272 par|[from] item: Leftovers","|-heal|p2a: Jolteon|131/272 par|[from] item: Leftovers","|upkeep","|turn|9","||adding 10 for new turn","|","|t:|1752917034","|cant|p2a: Jolteon|par","|move|p1a: Jolteon|Hidden Power|p2a: Jolteon","|-damage|p2a: Jolteon|58/272 par","|","|-heal|p1a: Jolteon|162/272 par|[from] item: Leftovers","|-heal|p2a: Jolteon|75/272 par|[from] item: Leftovers","|upkeep","|turn|10","||adding 10 for new turn","|","|t:|1752917035","|cant|p1a: Jolteon|par","|move|p2a: Jolteon|Hidden Power|p1a: Jolteon","|-damage|p1a: Jolteon|85/272 par","|","|-heal|p1a: Jolteon|102/272 par|[from] item: Leftovers","|-heal|p2a: Jolteon|92/272 par|[from] item: Leftovers","|upkeep","|turn|11","||adding 10 for new turn","|j| thecrusher677","|","|t:|1752917036","|move|p2a: Jolteon|Hidden Power|p1a: Jolteon","|-damage|p1a: Jolteon|27/272 par","|move|p1a: Jolteon|Hidden Power|p2a: Jolteon","|-damage|p2a: Jolteon|14/272 par","|","|-heal|p2a: Jolteon|31/272 par|[from] item: Leftovers","|-heal|p1a: Jolteon|44/272 par|[from] item: Leftovers","|upkeep","|turn|12","||adding 10 for new turn","|","|t:|1752917037","|cant|p1a: Jolteon|par","|move|p2a: Jolteon|Hidden Power|p1a: Jolteon","|-damage|p1a: Jolteon|0 fnt","|faint|p1a: Jolteon","||adding 5 to each for mid turn request","|","|t:|1752917038","|switch|p1a: Gengar|Gengar, F|271/271","|","|-heal|p2a: Jolteon|48/272 par|[from] item: Leftovers","|upkeep","|turn|13","||adding 10 for new turn","|","|t:|1752917039","|move|p1a: Gengar|Fire Punch|p2a: Jolteon","|-damage|p2a: Jolteon|0 fnt","|faint|p2a: Jolteon","||adding 5 to each for mid turn request","|","|t:|1752917040","|switch|p2a: Starmie|Starmie|262/262","|-damage|p2a: Starmie|197/262|[from] Spikes","|","|-heal|p2a: Starmie|213/262|[from] item: Leftovers","|upkeep","|turn|14","||adding 10 for new turn","|","|t:|1752917041","|move|p2a: Starmie|Psychic|p1a: Gengar","|-supereffective|p1a: Gengar","|-crit|p1a: Gengar","|-damage|p1a: Gengar|0 fnt","|faint|p1a: Gengar","||adding 5 to each for mid turn request","|","|t:|1752917042","|switch|p1a: Starmie|Starmie|262/262","|-damage|p1a: Starmie|197/262|[from] Spikes","|","|-heal|p1a: Starmie|213/262|[from] item: Leftovers","|-heal|p2a: Starmie|229/262|[from] item: Leftovers","|upkeep","|turn|15","||adding 10 for new turn","|","|t:|1752917043","|move|p2a: Starmie|Thunderbolt|p1a: Starmie","|-supereffective|p1a: Starmie","|-damage|p1a: Starmie|0 fnt","|faint|p1a: Starmie","||adding 5 to each for mid turn request","|","|t:|1752917044","|switch|p1a: Metagross|Metagross|318/318","|-damage|p1a: Metagross|239/318|[from] Spikes","|","|-heal|p2a: Starmie|245/262|[from] item: Leftovers","|upkeep","|turn|16","||adding 10 for new turn","|","|t:|1752917045","|move|p2a: Starmie|Hydro Pump|p1a: Metagross|[miss]","|-miss|p2a: Starmie|p1a: Metagross","|move|p1a: Metagross|Explosion|p2a: Starmie","|-damage|p2a: Starmie|0 fnt","|faint|p1a: Metagross","|faint|p2a: Starmie","||adding 5 to each for mid turn request","|","|t:|1752917046","|switch|p2a: Gengar|Gengar, M|271/271","|switch|p1a: Skarmory|Skarmory, F|334/334","|","|upkeep","|turn|17","||adding 10 for new turn","|","|t:|1752917047","|move|p1a: Skarmory|Protect|p1a: Skarmory","|-singleturn|p1a: Skarmory|Protect","|move|p2a: Gengar|Fire Punch|p1a: Skarmory","|-activate|p1a: Skarmory|Protect","|","|upkeep","|turn|18","||adding 10 for new turn","|","|t:|1752917048","|move|p1a: Skarmory|Protect|p1a: Skarmory","|-singleturn|p1a: Skarmory|Protect","|move|p2a: Gengar|Fire Punch|p1a: Skarmory","|-activate|p1a: Skarmory|Protect","|","|upkeep","|turn|19","||adding 10 for new turn","|","|t:|1752917049","|switch|p1a: Tyranitar|Tyranitar, M|404/404","|-damage|p1a: Tyranitar|303/404|[from] Spikes","|-weather|Sandstorm|[from] ability: Sand Stream|[of] p1a: Tyranitar","|move|p2a: Gengar|Fire Punch|p1a: Tyranitar","|-resisted|p1a: Tyranitar","|-damage|p1a: Tyranitar|257/404","|","|-weather|Sandstorm|[upkeep]","|-damage|p2a: Gengar|255/271|[from] Sandstorm","|-heal|p2a: Gengar|271/271|[from] item: Leftovers","|-heal|p1a: Tyranitar|282/404|[from] item: Leftovers","|upkeep","|turn|20","||adding 10 for new turn","|","|t:|1752917050","|move|p2a: Gengar|Hidden Power|p1a: Tyranitar","|-supereffective|p1a: Tyranitar","|-damage|p1a: Tyranitar|102/404","|move|p1a: Tyranitar|Rock Slide|p2a: Gengar","|-damage|p2a: Gengar|30/271","|","|-weather|Sandstorm|[upkeep]","|-damage|p2a: Gengar|14/271|[from] Sandstorm","|-heal|p2a: Gengar|30/271|[from] item: Leftovers","|-heal|p1a: Tyranitar|127/404|[from] item: Leftovers","|upkeep","|turn|21","||adding 10 for new turn","|","|t:|1752917051","|switch|p1a: Skarmory|Skarmory, F|334/334","|move|p2a: Gengar|Hidden Power|p1a: Skarmory","|-resisted|p1a: Skarmory","|-damage|p1a: Skarmory|315/334","|","|-weather|Sandstorm|[upkeep]","|-damage|p2a: Gengar|14/271|[from] Sandstorm","|-heal|p2a: Gengar|30/271|[from] item: Leftovers","|-heal|p1a: Skarmory|334/334|[from] item: Leftovers","|upkeep","|turn|22","||adding 10 for new turn","|","|t:|1752917052","|move|p1a: Skarmory|Protect|p1a: Skarmory","|-singleturn|p1a: Skarmory|Protect","|move|p2a: Gengar|Fire Punch|p1a: Skarmory","|-activate|p1a: Skarmory|Protect","|","|-weather|Sandstorm|[upkeep]","|-damage|p2a: Gengar|14/271|[from] Sandstorm","|-heal|p2a: Gengar|30/271|[from] item: Leftovers","|upkeep","|turn|23","||adding 10 for new turn","|","|t:|1752917053","|move|p1a: Skarmory|Protect||[still]","|-fail|p1a: Skarmory","|move|p2a: Gengar|Fire Punch|p1a: Skarmory","|-supereffective|p1a: Skarmory","|-damage|p1a: Skarmory|176/334","|","|-weather|Sandstorm|[upkeep]","|-damage|p2a: Gengar|14/271|[from] Sandstorm","|-heal|p2a: Gengar|30/271|[from] item: Leftovers","|-heal|p1a: Skarmory|196/334|[from] item: Leftovers","|upkeep","|turn|24","||adding 10 for new turn","|","|t:|1752917054","|move|p1a: Skarmory|Protect|p1a: Skarmory","|-singleturn|p1a: Skarmory|Protect","|move|p2a: Gengar|Fire Punch|p1a: Skarmory","|-activate|p1a: Skarmory|Protect","|","|-weather|Sandstorm|[upkeep]","|-damage|p2a: Gengar|14/271|[from] Sandstorm","|-heal|p2a: Gengar|30/271|[from] item: Leftovers","|-heal|p1a: Skarmory|216/334|[from] item: Leftovers","|upkeep","|turn|25","||adding 10 for new turn","|","|t:|1752917055","|move|p1a: Skarmory|Protect|p1a: Skarmory","|-singleturn|p1a: Skarmory|Protect","|move|p2a: Gengar|Fire Punch|p1a: Skarmory","|-activate|p1a: Skarmory|Protect","|","|-weather|Sandstorm|[upkeep]","|-damage|p2a: Gengar|14/271|[from] Sandstorm","|-heal|p2a: Gengar|30/271|[from] item: Leftovers","|-heal|p1a: Skarmory|236/334|[from] item: Leftovers","|upkeep","|turn|26","||adding 10 for new turn","|","|t:|1752917056","|move|p1a: Skarmory|Protect|p1a: Skarmory","|-singleturn|p1a: Skarmory|Protect","|move|p2a: Gengar|Fire Punch|p1a: Skarmory","|-activate|p1a: Skarmory|Protect","|","|-weather|Sandstorm|[upkeep]","|-damage|p2a: Gengar|14/271|[from] Sandstorm","|-heal|p2a: Gengar|30/271|[from] item: Leftovers","|-heal|p1a: Skarmory|256/334|[from] item: Leftovers","|upkeep","|turn|27","||adding 10 for new turn","|","|t:|1752917057","|switch|p1a: Tyranitar|Tyranitar, M|127/404","|-damage|p1a: Tyranitar|26/404|[from] Spikes","|move|p2a: Gengar|Fire Punch|p1a: Tyranitar","|-resisted|p1a: Tyranitar","|-damage|p1a: Tyranitar|0 fnt","|faint|p1a: Tyranitar","||adding 5 to each for mid turn request","|","|t:|1752917057","|switch|p1a: Skarmory|Skarmory, F|256/334","|","|-weather|Sandstorm|[upkeep]","|-damage|p2a: Gengar|14/271|[from] Sandstorm","|-heal|p2a: Gengar|30/271|[from] item: Leftovers","|-heal|p1a: Skarmory|276/334|[from] item: Leftovers","|upkeep","|turn|28","||adding 10 for new turn","|","|t:|1752917058","|move|p2a: Gengar|Fire Punch|p1a: Skarmory","|-supereffective|p1a: Skarmory","|-damage|p1a: Skarmory|122/334","|move|p1a: Skarmory|Roar|p2a: Gengar","|drag|p2a: Metagross|Metagross|318/318","|-damage|p2a: Metagross|239/318|[from] Spikes","|","|-weather|Sandstorm|[upkeep]","|-heal|p1a: Skarmory|142/334|[from] item: Leftovers","|upkeep","|turn|29","||adding 10 for new turn","|","|t:|1752917059","|move|p1a: Skarmory|Protect|p1a: Skarmory","|-singleturn|p1a: Skarmory|Protect","|move|p2a: Metagross|Explosion|p1a: Skarmory","|-activate|p1a: Skarmory|Protect","|faint|p2a: Metagross","||adding 5 to each for mid turn request","|","|t:|1752917060","|switch|p2a: Gengar|Gengar, M|30/271","|","|-weather|Sandstorm|[upkeep]","|-damage|p2a: Gengar|14/271|[from] Sandstorm","|-heal|p2a: Gengar|30/271|[from] item: Leftovers","|-heal|p1a: Skarmory|162/334|[from] item: Leftovers","|upkeep","|turn|30","||adding 10 for new turn","|","|t:|1752917061","|move|p1a: Skarmory|Protect|p1a: Skarmory","|-singleturn|p1a: Skarmory|Protect","|move|p2a: Gengar|Fire Punch|p1a: Skarmory","|-activate|p1a: Skarmory|Protect","|","|-weather|Sandstorm|[upkeep]","|-damage|p2a: Gengar|14/271|[from] Sandstorm","|-heal|p2a: Gengar|30/271|[from] item: Leftovers","|-heal|p1a: Skarmory|182/334|[from] item: Leftovers","|upkeep","|turn|31","||adding 10 for new turn","|","|t:|1752917061","|move|p1a: Skarmory|Protect||[still]","|-fail|p1a: Skarmory","|move|p2a: Gengar|Fire Punch|p1a: Skarmory","|-supereffective|p1a: Skarmory","|-damage|p1a: Skarmory|17/334","|","|-weather|Sandstorm|[upkeep]","|-damage|p2a: Gengar|14/271|[from] Sandstorm","|-heal|p2a: Gengar|30/271|[from] item: Leftovers","|-heal|p1a: Skarmory|37/334|[from] item: Leftovers","|upkeep","|turn|32","||adding 10 for new turn","|","|t:|1752917062","|move|p1a: Skarmory|Protect|p1a: Skarmory","|-singleturn|p1a: Skarmory|Protect","|move|p2a: Gengar|Ice Punch|p1a: Skarmory","|-activate|p1a: Skarmory|Protect","|","|-weather|Sandstorm|[upkeep]","|-damage|p2a: Gengar|14/271|[from] Sandstorm","|-heal|p2a: Gengar|30/271|[from] item: Leftovers","|-heal|p1a: Skarmory|57/334|[from] item: Leftovers","|upkeep","|turn|33","||adding 10 for new turn","|","|t:|1752917063","|move|p1a: Skarmory|Protect||[still]","|-fail|p1a: Skarmory","|move|p2a: Gengar|Ice Punch|p1a: Skarmory","|-damage|p1a: Skarmory|0 fnt","|faint|p1a: Skarmory","|","|win|foultestacceptor1",""],"p1rating":null,"p2rating":null,"endType":"normal","ladderError":true,"timestamp":"Sat Jul 19 2025 02:24:23 GMT-0700 (アメリカ太平洋夏時間)","roomid":"battle-gen3ou-879","format":"gen3ou"}