{"winner":"foultestchallenge1","seed":"sodium,5f46a322e3d2e309acd34cb4ffae2047","turns":26,"p1":"foultestchallenge1","p2":"foultestacceptor1","p1team":[{"name":"Skarmory","species":"Skarmory","item":"Leftovers","ability":"Keen Eye","moves":["Spikes","Protect","Roar","Toxic"],"nature":"Careful","evs":{"hp":252,"atk":0,"def":8,"spa":0,"spd":248,"spe":0},"gender":"F","ivs":{"hp":31,"atk":0,"def":31,"spa":31,"spd":31,"spe":31},"level":100},{"name":"Blissey","species":"Blissey","item":"Leftovers","ability":"Natural Cure","moves":["Soft-Boiled","Ice Beam","Toxic","Fire Blast"],"nature":"Modest","evs":{"hp":0,"atk":0,"def":252,"spa":252,"spd":0,"spe":4},"gender":"F","ivs":{"hp":31,"atk":0,"def":31,"spa":31,"spd":31,"spe":31},"shiny":true,"level":100},{"name":"Tyranitar","species":"Tyranitar","item":"Leftovers","ability":"Sand Stream","moves":["Focus Punch","Rock Slide","Hidden Power Bug","Earthquake"],"nature":"Adamant","evs":{"hp":248,"atk":196,"def":12,"spa":0,"spd":52,"spe":0},"gender":"F","ivs":{"hp":31,"atk":30,"def":30,"spa":31,"spd":30,"spe":31},"happiness":255,"hpType":"Bug","pokeball":"","gigantamax":false,"dynamaxLevel":10,"teraType":"","level":100},{"name":"Swampert","species":"Swampert","item":"Leftovers","ability":"Torrent","moves":["Earthquake","Ice Beam","Hydro Pump","Protect"],"nature":"Relaxed","evs":{"hp":240,"atk":0,"def":136,"spa":40,"spd":48,"spe":44},"gender":"F","level":100,"ivs":{"hp":31,"atk":31,"def":31,"spa":31,"spd":31,"spe":31}},{"name":"Gengar","species":"Gengar","item":"Leftovers","ability":"Levitate","moves":["Will-O-Wisp","Thunderbolt","Ice Punch","Explosion"],"nature":"Timid","evs":{"hp":168,"atk":0,"def":0,"spa":0,"spd":164,"spe":176},"gender":"F","level":100,"ivs":{"hp":31,"atk":31,"def":31,"spa":31,"spd":31,"spe":31}},{"name":"Starmie","species":"Starmie","item":"Leftovers","ability":"Natural Cure","moves":["Hydro Pump","Ice Beam","Thunderbolt","Rapid Spin"],"nature":"Timid","evs":{"hp":4,"atk":0,"def":0,"spa":252,"spd":0,"spe":252},"gender":"N","ivs":{"hp":31,"atk":0,"def":31,"spa":31,"spd":31,"spe":31},"level":100}],"p2team":[{"name":"Salamence","species":"Salamence","item":"Choice Band","ability":"Intimidate","moves":["Earthquake","Hidden Power Flying","Brick Break","Rock Slide"],"nature":"Adamant","evs":{"hp":120,"atk":252,"def":0,"spa":0,"spd":0,"spe":136},"gender":"M","ivs":{"hp":30,"atk":30,"def":30,"spa":30,"spd":30,"spe":31},"happiness":255,"hpType":"Flying","pokeball":"","gigantamax":false,"dynamaxLevel":10,"teraType":"","level":100},{"name":"Magneton","species":"Magneton","item":"Magnet","ability":"Magnet Pull","moves":["Thunderbolt","Toxic","Hidden Power Fire","Protect"],"nature":"Modest","evs":{"hp":4,"atk":0,"def":0,"spa":252,"spd":0,"spe":252},"gender":"N","ivs":{"hp":31,"atk":2,"def":31,"spa":30,"spd":31,"spe":30},"happiness":255,"hpType":"Fire","pokeball":"","gigantamax":false,"dynamaxLevel":10,"teraType":"","level":100},{"name":"Tyranitar","species":"Tyranitar","item":"Leftovers","ability":"Sand Stream","moves":["Crunch","Pursuit","Hidden Power Grass","Fire Blast"],"nature":"Modest","evs":{"hp":240,"atk":0,"def":0,"spa":188,"spd":48,"spe":32},"gender":"F","ivs":{"hp":31,"atk":2,"def":31,"spa":30,"spd":31,"spe":31},"happiness":255,"hpType":"Grass","pokeball":"","gigantamax":false,"dynamaxLevel":10,"teraType":"","level":100},{"name":"Blissey","species":"Blissey","item":"Leftovers","ability":"Natural Cure","moves":["Seismic Toss","Wish","Protect","Toxic"],"nature":"","evs":{"hp":4,"atk":0,"def":252,"spa":0,"spd":252,"spe":0},"gender":"F","ivs":{"hp":31,"atk":0,"def":31,"spa":31,"spd":31,"spe":31},"level":100},{"name":"Metagross","species":"Metagross","item":"Leftovers","ability":"Clear Body","moves":["Agility","Meteor Mash","Earthquake","Explosion"],"nature":"Adamant","evs":{"hp":168,"atk":252,"def":0,"spa":0,"spd":0,"spe":88},"gender":"N","level":100,"ivs":{"hp":31,"atk":31,"def":31,"spa":31,"spd":31,"spe":31}},{"name":"Swampert","species":"Swampert","item":"Leftovers","ability":"Torrent","moves":["Surf","Ice Beam","Protect","Toxic"],"nature":"Bold","evs":{"hp":252,"atk":0,"def":160,"spa":0,"spd":96,"spe":0},"gender":"M","ivs":{"hp":31,"atk":0,"def":31,"spa":31,"spd":31,"spe":31},"level":100}],"score":[2,0],"inputLog":[">version 372d05e49c92a79eecdf6c8dddb208bd1765c00f",">start {\"formatid\":\"gen3ou\",\"seed\":\"sodium,5f46a322e3d2e309acd34cb4ffae2047\"}",">player p1 {\"name\":\"foultestchallenge1\",\"avatar\":\"1\",\"team\":\"Skarmory||Leftovers|KeenEye|Spikes,Protect,Roar,Toxic|Careful|252,,8,,248,|F|,0,,,,|||]Blissey||Leftovers|NaturalCure|SoftBoiled,IceBeam,Toxic,FireBlast|Modest|,,252,252,,4|F|,0,,,,|S||]Tyranitar||Leftovers|SandStream|FocusPunch,RockSlide,HiddenPowerBug,Earthquake|Adamant|248,196,12,,52,|F|,30,30,,30,|||,Bug,,,,]Swampert||Leftovers|Torrent|Earthquake,IceBeam,HydroPump,Protect|Relaxed|240,,136,40,48,44|F||||]Gengar||Leftovers|Levitate|WillOWisp,Thunderbolt,IcePunch,Explosion|Timid|168,,,,164,176|F||||]Starmie||Leftovers|NaturalCure|HydroPump,IceBeam,Thunderbolt,RapidSpin|Timid|4,,,252,,252|N|,0,,,,|||\",\"rating\":0}",">player p2 {\"name\":\"foultestacceptor1\",\"avatar\":\"169\",\"team\":\"Salamence||ChoiceBand|Intimidate|Earthquake,HiddenPowerFlying,BrickBreak,RockSlide|Adamant|120,252,,,,136|M|30,30,30,30,30,|||,Flying,,,,]Magneton||Magnet|MagnetPull|Thunderbolt,Toxic,HiddenPowerFire,Protect|Modest|4,,,252,,252|N|,2,,30,,30|||,Fire,,,,]Tyranitar||Leftovers|SandStream|Crunch,Pursuit,HiddenPowerGrass,FireBlast|Modest|240,,,188,48,32|F|,2,,30,,|||,Grass,,,,]Blissey||Leftovers|NaturalCure|SeismicToss,Wish,Protect,Toxic||4,,252,,252,|F|,0,,,,|||]Metagross||Leftovers|ClearBody|Agility,MeteorMash,Earthquake,Explosion|Adamant|168,252,,,,88|N||||]Swampert||Leftovers|Torrent|Surf,IceBeam,Protect,Toxic|Bold|252,,160,,96,|M|,0,,,,|||\",\"rating\":0}",">p1 move spikes",">p2 switch 2",">p1 move spikes",">p2 move thunderbolt",">p1 move spikes",">p2 move hiddenpower",">p1 switch 2",">p1 move fireblast",">p2 switch 5",">p1 switch 5",">p2 move explosion",">p2 switch 3",">p1 move willowisp",">p2 move pursuit",">p1 move thunderbolt",">p2 move pursuit",">p1 move explosion",">p2 move pursuit",">p1 switch 5",">p1 move icebeam",">p2 move crunch",">p2 switch 2",">p1 move icebeam",">p2 move brickbreak",">p1 switch 4",">p1 move earthquake",">p2 switch 6",">p1 move earthquake",">p2 move toxic",">p1 move earthquake",">p2 move protect",">p1 move hydropump",">p2 move surf",">p2 switch 6",">p1 move icebeam",">p2 switch 4",">p1 switch 3",">p2 move wish",">p1 move rockslide",">p2 move toxic",">p1 move rockslide",">p2 move toxic",">p1 move rockslide",">p2 move protect",">p1 move rockslide",">p2 switch 5",">p1 move earthquake",">p2 move toxic",">p2 switch 5",">p1 move rockslide",">p2 move protect",">p1 move rockslide",">p2 move wish",">p2 switch 4",">p1 move rockslide",">p2 move rockslide",">p1 move hiddenpower",">p2 move rockslide",">p1 switch 6",">p1 move icebeam",">p2 move rockslide"],"log":["|j|☆foultestchallenge1","|j|☆foultestacceptor1","|t:|1752969571","|gametype|singles","|player|p1|foultestchallenge1|1|","|player|p2|foultestacceptor1|169|","|teamsize|p1|6","|teamsize|p2|6","|gen|3","|tier|[Gen 3] OU","|rule|Sleep Clause Mod: Limit one foe put to sleep","|rule|Switch Priority Clause Mod: Faster Pokémon switch first","|rule|Species Clause: Limit one of each Pokémon","|rule|OHKO Clause: OHKO moves are banned","|rule|Evasion Items Clause: Evasion items are banned","|rule|Evasion Moves Clause: Evasion moves are banned","|rule|Endless Battle Clause: Forcing endless battles is banned","|rule|HP Percentage Mod: HP is shown in percentages","|rule|One Boost Passer Clause: Limit one Baton Passer that has a way to boost its stats","|rule|Freeze Clause Mod: Limit one foe frozen","|","|t:|1752969571","|start","|switch|p1a: Skarmory|Skarmory, F|334/334","|switch|p2a: Salamence|Salamence, M|360/360","|-ability|p2a: Salamence|Intimidate|boost","|-unboost|p1a: Skarmory|atk|1","|turn|1","|inactive|Battle timer is ON: inactive players will automatically lose when time's up. (requested by foultestacceptor1)","|inactive|foultestchallenge1 also wants the timer to be on.","|","|t:|1752969580","|switch|p2a: Magneton|Magneton|242/242","|move|p1a: Skarmory|Spikes|p2a: Magneton","|-sidestart|p2: foultestacceptor1|Spikes","|","|upkeep","|turn|2","||adding 10 for new turn","|","|t:|1752969588","|move|p2a: Magneton|Thunderbolt|p1a: Skarmory","|-supereffective|p1a: Skarmory","|-damage|p1a: Skarmory|9/334","|move|p1a: Skarmory|Spikes|p2a: Magneton","|-sidestart|p2: foultestacceptor1|Spikes","|","|-heal|p1a: Skarmory|29/334|[from] item: Leftovers","|upkeep","|turn|3","||adding 10 for new turn","|","|t:|1752969596","|move|p2a: Magneton|Hidden Power|p1a: Skarmory","|-supereffective|p1a: Skarmory","|-damage|p1a: Skarmory|0 fnt","|faint|p1a: Skarmory","||adding 5 to each for mid turn request","|","|t:|1752969603","|switch|p1a: Blissey|Blissey, F, shiny|651/651","|","|upkeep","|turn|4","||adding 10 for new turn","|","|t:|1752969611","|switch|p2a: Metagross|Metagross|343/343","|-damage|p2a: Metagross|286/343|[from] Spikes","|move|p1a: Blissey|Fire Blast|p2a: Metagross","|-supereffective|p2a: Metagross","|-damage|p2a: Metagross|28/343","|","|-heal|p2a: Metagross|49/343|[from] item: Leftovers","|upkeep","|turn|5","||adding 10 for new turn","|","|t:|1752969619","|switch|p1a: Gengar|Gengar, F|303/303","|move|p2a: Metagross|Explosion|p1a: Gengar","|-immune|p1a: Gengar","|faint|p2a: Metagross","||adding 5 to each for mid turn request","|","|t:|1752969627","|switch|p2a: Tyranitar|Tyranitar, F|401/401","|-damage|p2a: Tyranitar|335/401|[from] Spikes","|-weather|Sandstorm|[from] ability: Sand Stream|[of] p2a: Tyranitar","|","|-weather|Sandstorm|[upkeep]","|-damage|p1a: Gengar|285/303|[from] Sandstorm","|-heal|p1a: Gengar|303/303|[from] item: Leftovers","|-heal|p2a: Tyranitar|360/401|[from] item: Leftovers","|upkeep","|turn|6","||adding 10 for new turn","|","|t:|1752969634","|move|p1a: Gengar|Will-O-Wisp|p2a: Tyranitar","|-status|p2a: Tyranitar|brn","|move|p2a: Tyranitar|Pursuit|p1a: Gengar","|-supereffective|p1a: Gengar","|-damage|p1a: Gengar|182/303","|","|-weather|Sandstorm|[upkeep]","|-damage|p1a: Gengar|164/303|[from] Sandstorm","|-heal|p1a: Gengar|182/303|[from] item: Leftovers","|-heal|p2a: Tyranitar|385/401 brn|[from] item: Leftovers","|-damage|p2a: Tyranitar|335/401 brn|[from] brn","|upkeep","|turn|7","||adding 10 for new turn","|","|t:|1752969642","|move|p1a: Gengar|Thunderbolt|p2a: Tyranitar","|-damage|p2a: Tyranitar|248/401 brn","|move|p2a: Tyranitar|Pursuit|p1a: Gengar","|-supereffective|p1a: Gengar","|-damage|p1a: Gengar|54/303","|","|-weather|Sandstorm|[upkeep]","|-damage|p1a: Gengar|36/303|[from] Sandstorm","|-heal|p1a: Gengar|54/303|[from] item: Leftovers","|-heal|p2a: Tyranitar|273/401 brn|[from] item: Leftovers","|-damage|p2a: Tyranitar|223/401 brn|[from] brn","|upkeep","|turn|8","||adding 10 for new turn","|","|t:|1752969650","|move|p1a: Gengar|Explosion|p2a: Tyranitar","|-resisted|p2a: Tyranitar","|-damage|p2a: Tyranitar|119/401 brn","|faint|p1a: Gengar","||adding 5 to each for mid turn request","|","|t:|1752969658","|switch|p1a: Blissey|Blissey, F, shiny|651/651","|","|-weather|Sandstorm|[upkeep]","|-damage|p1a: Blissey|611/651|[from] Sandstorm","|-heal|p2a: Tyranitar|144/401 brn|[from] item: Leftovers","|-damage|p2a: Tyranitar|94/401 brn|[from] brn","|-heal|p1a: Blissey|651/651|[from] item: Leftovers","|upkeep","|turn|9","||adding 10 for new turn","|","|t:|1752969666","|move|p2a: Tyranitar|Crunch|p1a: Blissey","|-damage|p1a: Blissey|553/651","|move|p1a: Blissey|Ice Beam|p2a: Tyranitar","|-damage|p2a: Tyranitar|19/401 brn","|","|-weather|Sandstorm|[upkeep]","|-damage|p1a: Blissey|513/651|[from] Sandstorm","|-heal|p2a: Tyranitar|44/401 brn|[from] item: Leftovers","|-damage|p2a: Tyranitar|0 fnt|[from] brn","|faint|p2a: Tyranitar","|-heal|p1a: Blissey|553/651|[from] item: Leftovers","|upkeep","||adding 5 to each for mid turn request","|","|t:|1752969673","|switch|p2a: Salamence|Salamence, M|360/360","|-ability|p2a: Salamence|Intimidate|boost","|-unboost|p1a: Blissey|atk|1","|turn|10","||adding 10 for new turn","|","|t:|1752969681","|move|p2a: Salamence|Brick Break|p1a: Blissey","|-supereffective|p1a: Blissey","|-damage|p1a: Blissey|0 fnt","|faint|p1a: Blissey","||adding 5 to each for mid turn request","|","|t:|1752969689","|switch|p1a: Swampert|Swampert, F|401/401","|","|-weather|Sandstorm|[upkeep]","|-damage|p2a: Salamence|338/360|[from] Sandstorm","|upkeep","|turn|11","||adding 10 for new turn","|","|t:|1752969696","|switch|p2a: Swampert|Swampert, M|404/404","|-damage|p2a: Swampert|337/404|[from] Spikes","|move|p1a: Swampert|Earthquake|p2a: Swampert","|-damage|p2a: Swampert|236/404","|","|-weather|Sandstorm|[upkeep]","|-heal|p2a: Swampert|261/404|[from] item: Leftovers","|upkeep","|turn|12","||adding 10 for new turn","|","|t:|1752969705","|move|p2a: Swampert|Toxic|p1a: Swampert|[miss]","|-miss|p2a: Swampert|p1a: Swampert","|move|p1a: Swampert|Earthquake|p2a: Swampert","|-crit|p2a: Swampert","|-damage|p2a: Swampert|60/404","|","|-weather|Sandstorm|[upkeep]","|-heal|p2a: Swampert|85/404|[from] item: Leftovers","|upkeep","|turn|13","||adding 10 for new turn","|","|t:|1752969712","|move|p2a: Swampert|Protect|p2a: Swampert","|-singleturn|p2a: Swampert|Protect","|move|p1a: Swampert|Earthquake|p2a: Swampert","|-activate|p2a: Swampert|Protect","|","|-weather|Sandstorm|[upkeep]","|-heal|p2a: Swampert|110/404|[from] item: Leftovers","|upkeep","|turn|14","||adding 10 for new turn","|","|t:|1752969720","|move|p2a: Swampert|Surf|p1a: Swampert","|-damage|p1a: Swampert|248/401","|move|p1a: Swampert|Hydro Pump|p2a: Swampert","|-damage|p2a: Swampert|0 fnt","|faint|p2a: Swampert","||adding 5 to each for mid turn request","|","|t:|1752969728","|switch|p2a: Salamence|Salamence, M|338/360","|-ability|p2a: Salamence|Intimidate|boost","|-unboost|p1a: Swampert|atk|1","|","|-weather|Sandstorm|[upkeep]","|-damage|p2a: Salamence|316/360|[from] Sandstorm","|-heal|p1a: Swampert|273/401|[from] item: Leftovers","|upkeep","|turn|15","||adding 10 for new turn","|","|t:|1752969736","|switch|p2a: Blissey|Blissey, F|652/652","|-damage|p2a: Blissey|544/652|[from] Spikes","|move|p1a: Swampert|Ice Beam|p2a: Blissey","|-damage|p2a: Blissey|499/652","|","|-weather|Sandstorm|[upkeep]","|-damage|p2a: Blissey|459/652|[from] Sandstorm","|-heal|p1a: Swampert|298/401|[from] item: Leftovers","|-heal|p2a: Blissey|499/652|[from] item: Leftovers","|upkeep","|turn|16","||adding 10 for new turn","|","|t:|1752969744","|switch|p1a: Tyranitar|Tyranitar, F|403/403","|move|p2a: Blissey|Wish|p2a: Blissey","|","|-weather|Sandstorm|[upkeep]","|-damage|p2a: Blissey|459/652|[from] Sandstorm","|-heal|p2a: Blissey|499/652|[from] item: Leftovers","|upkeep","|turn|17","||adding 10 for new turn","|","|t:|1752969752","|move|p1a: Tyranitar|Rock Slide|p2a: Blissey","|-damage|p2a: Blissey|206/652","|cant|p2a: Blissey|flinch","|","|-heal|p2a: Blissey|532/652|[from] move: Wish|[wisher] Blissey","|-weather|Sandstorm|[upkeep]","|-damage|p2a: Blissey|492/652|[from] Sandstorm","|-heal|p2a: Blissey|532/652|[from] item: Leftovers","|upkeep","|turn|18","||adding 10 for new turn","|","|t:|1752969760","|move|p1a: Tyranitar|Rock Slide|p2a: Blissey","|-damage|p2a: Blissey|245/652","|move|p2a: Blissey|Toxic|p1a: Tyranitar|[miss]","|-miss|p2a: Blissey|p1a: Tyranitar","|","|-weather|Sandstorm|[upkeep]","|-damage|p2a: Blissey|205/652|[from] Sandstorm","|-heal|p2a: Blissey|245/652|[from] item: Leftovers","|upkeep","|turn|19","||adding 10 for new turn","|","|t:|1752969768","|move|p2a: Blissey|Protect|p2a: Blissey","|-singleturn|p2a: Blissey|Protect","|move|p1a: Tyranitar|Rock Slide|p2a: Blissey|[miss]","|-miss|p1a: Tyranitar|p2a: Blissey","|","|-weather|Sandstorm|[upkeep]","|-damage|p2a: Blissey|205/652|[from] Sandstorm","|-heal|p2a: Blissey|245/652|[from] item: Leftovers","|upkeep","|turn|20","||adding 10 for new turn","|","|t:|1752969775","|switch|p2a: Magneton|Magneton|242/242","|-damage|p2a: Magneton|202/242|[from] Spikes","|move|p1a: Tyranitar|Rock Slide|p2a: Magneton","|-resisted|p2a: Magneton","|-damage|p2a: Magneton|126/242","|","|-weather|Sandstorm|[upkeep]","|upkeep","|turn|21","||adding 10 for new turn","|","|t:|1752969783","|move|p2a: Magneton|Toxic|p1a: Tyranitar","|-status|p1a: Tyranitar|tox","|move|p1a: Tyranitar|Earthquake|p2a: Magneton","|-supereffective|p2a: Magneton","|-crit|p2a: Magneton","|-damage|p2a: Magneton|0 fnt","|faint|p2a: Magneton","||adding 5 to each for mid turn request","|","|t:|1752969790","|switch|p2a: Blissey|Blissey, F|245/652","|-damage|p2a: Blissey|137/652|[from] Spikes","|","|-weather|Sandstorm|[upkeep]","|-damage|p2a: Blissey|97/652|[from] Sandstorm","|-damage|p1a: Tyranitar|378/403 tox|[from] psn","|-heal|p2a: Blissey|137/652|[from] item: Leftovers","|upkeep","|turn|22","||adding 10 for new turn","|","|t:|1752969798","|move|p2a: Blissey|Protect|p2a: Blissey","|-singleturn|p2a: Blissey|Protect","|move|p1a: Tyranitar|Rock Slide|p2a: Blissey","|-activate|p2a: Blissey|Protect","|","|-weather|Sandstorm|[upkeep]","|-damage|p2a: Blissey|97/652|[from] Sandstorm","|-heal|p1a: Tyranitar|403/403 tox|[from] item: Leftovers","|-damage|p1a: Tyranitar|353/403 tox|[from] psn","|-heal|p2a: Blissey|137/652|[from] item: Leftovers","|upkeep","|turn|23","||adding 10 for new turn","|","|t:|1752969805","|move|p1a: Tyranitar|Rock Slide|p2a: Blissey","|-crit|p2a: Blissey","|-damage|p2a: Blissey|0 fnt","|faint|p2a: Blissey","||adding 5 to each for mid turn request","|","|t:|1752969812","|switch|p2a: Salamence|Salamence, M|316/360","|-ability|p2a: Salamence|Intimidate|boost","|-unboost|p1a: Tyranitar|atk|1","|","|-weather|Sandstorm|[upkeep]","|-damage|p2a: Salamence|294/360|[from] Sandstorm","|-heal|p1a: Tyranitar|378/403 tox|[from] item: Leftovers","|-damage|p1a: Tyranitar|303/403 tox|[from] psn","|upkeep","|turn|24","||adding 10 for new turn","|","|t:|1752969818","|move|p2a: Salamence|Rock Slide|p1a: Tyranitar","|-damage|p1a: Tyranitar|160/403 tox","|move|p1a: Tyranitar|Rock Slide|p2a: Salamence","|-supereffective|p2a: Salamence","|-damage|p2a: Salamence|76/360","|","|-weather|Sandstorm|[upkeep]","|-damage|p2a: Salamence|54/360|[from] Sandstorm","|-heal|p1a: Tyranitar|185/403 tox|[from] item: Leftovers","|-damage|p1a: Tyranitar|85/403 tox|[from] psn","|upkeep","|turn|25","||adding 10 for new turn","|","|t:|1752969825","|move|p2a: Salamence|Rock Slide|p1a: Tyranitar","|-damage|p1a: Tyranitar|0 fnt","|faint|p1a: Tyranitar","||adding 5 to each for mid turn request","|","|t:|1752969832","|switch|p1a: Starmie|Starmie|262/262","|","|-weather|Sandstorm|[upkeep]","|-damage|p1a: Starmie|246/262|[from] Sandstorm","|-damage|p2a: Salamence|32/360|[from] Sandstorm","|-heal|p1a: Starmie|262/262|[from] item: Leftovers","|upkeep","|turn|26","||adding 10 for new turn","|","|t:|1752969839","|move|p1a: Starmie|Ice Beam|p2a: Salamence","|-supereffective|p2a: Salamence","|-damage|p2a: Salamence|0 fnt","|faint|p2a: Salamence","|","|win|foultestchallenge1",""],"p1rating":null,"p2rating":null,"endType":"normal","ladderError":true,"timestamp":"Sat Jul 19 2025 17:03:59 GMT-0700 (アメリカ太平洋夏時間)","roomid":"battle-gen3ou-1014","format":"gen3ou"}