{"winner":"foultestchallenge1","seed":"sodium,a3b9146bc62045c48c19bd4d845ef1b0","turns":30,"p1":"foultestchallenge1","p2":"foultestacceptor1","p1team":[{"name":"Skarmory","species":"Skarmory","item":"Leftovers","ability":"Keen Eye","moves":["Spikes","Roar","Toxic","Protect"],"nature":"Careful","evs":{"hp":252,"atk":0,"def":0,"spa":0,"spd":252,"spe":4},"gender":"F","ivs":{"hp":31,"atk":0,"def":31,"spa":31,"spd":31,"spe":31},"level":100},{"name":"Jolteon","species":"Jolteon","item":"Leftovers","ability":"Volt Absorb","moves":["Thunderbolt","Thunder Wave","Hidden Power Grass","Baton Pass"],"nature":"Timid","evs":{"hp":4,"atk":0,"def":0,"spa":252,"spd":0,"spe":252},"gender":"M","ivs":{"hp":31,"atk":2,"def":31,"spa":30,"spd":31,"spe":31},"happiness":255,"hpType":"Grass","pokeball":"","gigantamax":false,"dynamaxLevel":10,"teraType":"","level":100},{"name":"Tyranitar","species":"Tyranitar","item":"Leftovers","ability":"Sand Stream","moves":["Focus Punch","Earthquake","Hidden Power Bug","Rock Slide"],"nature":"Adamant","evs":{"hp":252,"atk":252,"def":4,"spa":0,"spd":0,"spe":0},"gender":"F","ivs":{"hp":31,"atk":31,"def":31,"spa":31,"spd":30,"spe":30},"happiness":255,"hpType":"Bug","pokeball":"","gigantamax":false,"dynamaxLevel":10,"teraType":"","level":100},{"name":"Gengar","species":"Gengar","item":"Leftovers","ability":"Levitate","moves":["Ice Punch","Fire Punch","Hidden Power Grass","Explosion"],"nature":"Hasty","evs":{"hp":40,"atk":0,"def":0,"spa":252,"spd":0,"spe":216},"gender":"F","ivs":{"hp":31,"atk":30,"def":31,"spa":30,"spd":31,"spe":31},"happiness":255,"hpType":"Grass","pokeball":"","gigantamax":false,"dynamaxLevel":10,"teraType":"","level":100},{"name":"Metagross","species":"Metagross","item":"Choice Band","ability":"Clear Body","moves":["Meteor Mash","Earthquake","Rock Slide","Explosion"],"nature":"Adamant","evs":{"hp":68,"atk":252,"def":0,"spa":0,"spd":0,"spe":188},"gender":"N","level":100,"ivs":{"hp":31,"atk":31,"def":31,"spa":31,"spd":31,"spe":31}},{"name":"Starmie","species":"Starmie","item":"Leftovers","ability":"Natural Cure","moves":["Hydro Pump","Thunderbolt","Ice Beam","Psychic"],"nature":"Timid","evs":{"hp":4,"atk":0,"def":0,"spa":252,"spd":0,"spe":252},"gender":"N","ivs":{"hp":31,"atk":0,"def":31,"spa":31,"spd":31,"spe":31},"level":100}],"p2team":[{"name":"Skarmory","species":"Skarmory","item":"Leftovers","ability":"Keen Eye","moves":["Spikes","Roar","Toxic","Protect"],"nature":"Careful","evs":{"hp":252,"atk":0,"def":0,"spa":0,"spd":252,"spe":4},"gender":"M","ivs":{"hp":31,"atk":0,"def":31,"spa":31,"spd":31,"spe":31},"level":100},{"name":"Jolteon","species":"Jolteon","item":"Leftovers","ability":"Volt Absorb","moves":["Thunderbolt","Thunder Wave","Hidden Power Grass","Baton Pass"],"nature":"Timid","evs":{"hp":4,"atk":0,"def":0,"spa":252,"spd":0,"spe":252},"gender":"M","ivs":{"hp":31,"atk":2,"def":31,"spa":30,"spd":31,"spe":31},"happiness":255,"hpType":"Grass","pokeball":"","gigantamax":false,"dynamaxLevel":10,"teraType":"","level":100},{"name":"Tyranitar","species":"Tyranitar","item":"Leftovers","ability":"Sand Stream","moves":["Focus Punch","Earthquake","Hidden Power Bug","Rock Slide"],"nature":"Adamant","evs":{"hp":252,"atk":252,"def":4,"spa":0,"spd":0,"spe":0},"gender":"M","ivs":{"hp":31,"atk":31,"def":31,"spa":31,"spd":30,"spe":30},"happiness":255,"hpType":"Bug","pokeball":"","gigantamax":false,"dynamaxLevel":10,"teraType":"","level":100},{"name":"Gengar","species":"Gengar","item":"Leftovers","ability":"Levitate","moves":["Ice Punch","Fire Punch","Hidden Power Grass","Explosion"],"nature":"Hasty","evs":{"hp":40,"atk":0,"def":0,"spa":252,"spd":0,"spe":216},"gender":"M","ivs":{"hp":31,"atk":30,"def":31,"spa":30,"spd":31,"spe":31},"happiness":255,"hpType":"Grass","pokeball":"","gigantamax":false,"dynamaxLevel":10,"teraType":"","level":100},{"name":"Metagross","species":"Metagross","item":"Choice Band","ability":"Clear Body","moves":["Meteor Mash","Earthquake","Rock Slide","Explosion"],"nature":"Adamant","evs":{"hp":68,"atk":252,"def":0,"spa":0,"spd":0,"spe":188},"gender":"N","level":100,"ivs":{"hp":31,"atk":31,"def":31,"spa":31,"spd":31,"spe":31}},{"name":"Starmie","species":"Starmie","item":"Leftovers","ability":"Natural Cure","moves":["Hydro Pump","Thunderbolt","Ice Beam","Psychic"],"nature":"Timid","evs":{"hp":4,"atk":0,"def":0,"spa":252,"spd":0,"spe":252},"gender":"N","ivs":{"hp":31,"atk":0,"def":31,"spa":31,"spd":31,"spe":31},"level":100}],"score":[2,0],"inputLog":[">version 372d05e49c92a79eecdf6c8dddb208bd1765c00f",">start {\"formatid\":\"gen3ou\",\"seed\":\"sodium,a3b9146bc62045c48c19bd4d845ef1b0\"}",">player p1 {\"name\":\"foultestchallenge1\",\"avatar\":\"266\",\"team\":\"Skarmory||Leftovers|KeenEye|Spikes,Roar,Toxic,Protect|Careful|252,,,,252,4|F|,0,,,,|||]Jolteon||Leftovers|VoltAbsorb|Thunderbolt,ThunderWave,HiddenPowerGrass,BatonPass|Timid|4,,,252,,252|M|,2,,30,,|||,Grass,,,,]Tyranitar||Leftovers|SandStream|FocusPunch,Earthquake,HiddenPowerBug,RockSlide|Adamant|252,252,4,,,|F|,,,,30,30|||,Bug,,,,]Gengar||Leftovers|Levitate|IcePunch,FirePunch,HiddenPowerGrass,Explosion|Hasty|40,,,252,,216|F|,30,,30,,|||,Grass,,,,]Metagross||ChoiceBand|ClearBody|MeteorMash,Earthquake,RockSlide,Explosion|Adamant|68,252,,,,188|N||||]Starmie||Leftovers|NaturalCure|HydroPump,Thunderbolt,IceBeam,Psychic|Timid|4,,,252,,252|N|,0,,,,|||\",\"rating\":0}",">player p2 {\"name\":\"foultestacceptor1\",\"avatar\":\"169\",\"team\":\"Skarmory||Leftovers|KeenEye|Spikes,Roar,Toxic,Protect|Careful|252,,,,252,4|M|,0,,,,|||]Jolteon||Leftovers|VoltAbsorb|Thunderbolt,ThunderWave,HiddenPowerGrass,BatonPass|Timid|4,,,252,,252|M|,2,,30,,|||,Grass,,,,]Tyranitar||Leftovers|SandStream|FocusPunch,Earthquake,HiddenPowerBug,RockSlide|Adamant|252,252,4,,,|M|,,,,30,30|||,Bug,,,,]Gengar||Leftovers|Levitate|IcePunch,FirePunch,HiddenPowerGrass,Explosion|Hasty|40,,,252,,216|M|,30,,30,,|||,Grass,,,,]Metagross||ChoiceBand|ClearBody|MeteorMash,Earthquake,RockSlide,Explosion|Adamant|68,252,,,,188|N||||]Starmie||Leftovers|NaturalCure|HydroPump,Thunderbolt,IceBeam,Psychic|Timid|4,,,252,,252|N|,0,,,,|||\",\"rating\":0}",">p1 move spikes",">p2 move spikes",">p1 move spikes",">p2 move spikes",">p1 move spikes",">p2 move spikes",">p1 move roar",">p2 move roar",">p1 move firepunch",">p2 move protect",">p1 move firepunch",">p2 move protect",">p1 move firepunch",">p2 move protect",">p1 move firepunch",">p2 move protect",">p1 move icepunch",">p2 move protect",">p1 move firepunch",">p2 switch 6",">p1 move hiddenpower",">p2 move psychic",">p1 switch 2",">p1 move thunderbolt",">p2 switch 2",">p1 move thunderwave",">p2 move thunderwave",">p1 move hiddenpower",">p2 move thunderwave",">p1 move hiddenpower",">p2 move hiddenpower",">p1 move hiddenpower",">p2 move hiddenpower",">p1 move hiddenpower",">p2 move hiddenpower",">p2 switch 3",">p1 move thunderbolt",">p2 move rockslide",">p1 switch 5",">p1 move meteormash",">p2 switch 6",">p2 switch 5",">p1 move meteormash",">p2 move earthquake",">p1 switch 4",">p1 move roar",">p2 move earthquake",">p1 move roar",">p2 move focuspunch",">p1 move protect",">p2 move firepunch",">p1 switch 3",">p2 move firepunch",">p1 move rockslide",">p2 move hiddenpower",">p1 move rockslide",">p2 move hiddenpower",">p1 switch 6",">p1 move psychic",">p2 move hiddenpower",">p2 switch 2",">p1 move thunderbolt",">p2 move thunderbolt",">p2 switch 6",">p1 move thunderbolt",">p2 move earthquake",">p2 switch 4",">p1 move hydropump",">p2 move hiddenpower"],"log":["|j|☆foultestchallenge1","|j|☆foultestacceptor1","|t:|1752914800","|gametype|singles","|player|p1|foultestchallenge1|266|","|player|p2|foultestacceptor1|169|","|teamsize|p1|6","|teamsize|p2|6","|gen|3","|tier|[Gen 3] OU","|rule|Sleep Clause Mod: Limit one foe put to sleep","|rule|Switch Priority Clause Mod: Faster Pokémon switch first","|rule|Species Clause: Limit one of each Pokémon","|rule|OHKO Clause: OHKO moves are banned","|rule|Evasion Items Clause: Evasion items are banned","|rule|Evasion Moves Clause: Evasion moves are banned","|rule|Endless Battle Clause: Forcing endless battles is banned","|rule|HP Percentage Mod: HP is shown in percentages","|rule|One Boost Passer Clause: Limit one Baton Passer that has a way to boost its stats","|rule|Freeze Clause Mod: Limit one foe frozen","|","|t:|1752914800","|start","|switch|p1a: Skarmory|Skarmory, F|334/334","|switch|p2a: Skarmory|Skarmory, M|334/334","|turn|1","|inactive|Battle timer is ON: inactive players will automatically lose when time's up. (requested by foultestacceptor1)","|inactive|foultestchallenge1 also wants the timer to be on.","|","|t:|1752914801","|move|p2a: Skarmory|Spikes|p1a: Skarmory","|-sidestart|p1: foultestchallenge1|Spikes","|move|p1a: Skarmory|Spikes|p2a: Skarmory","|-sidestart|p2: foultestacceptor1|Spikes","|","|upkeep","|turn|2","||adding 10 for new turn","|","|t:|1752914802","|move|p1a: Skarmory|Spikes|p2a: Skarmory","|-sidestart|p2: foultestacceptor1|Spikes","|move|p2a: Skarmory|Spikes|p1a: Skarmory","|-sidestart|p1: foultestchallenge1|Spikes","|","|upkeep","|turn|3","||adding 10 for new turn","|","|t:|1752914803","|move|p1a: Skarmory|Spikes|p2a: Skarmory","|-sidestart|p2: foultestacceptor1|Spikes","|move|p2a: Skarmory|Spikes|p1a: Skarmory","|-sidestart|p1: foultestchallenge1|Spikes","|","|upkeep","|turn|4","||adding 10 for new turn","|","|t:|1752914804","|move|p2a: Skarmory|Roar|p1a: Skarmory","|drag|p1a: Gengar|Gengar, F|271/271","|","|upkeep","|turn|5","||adding 10 for new turn","|","|t:|1752914805","|move|p2a: Skarmory|Protect|p2a: Skarmory","|-singleturn|p2a: Skarmory|Protect","|move|p1a: Gengar|Fire Punch|p2a: Skarmory","|-activate|p2a: Skarmory|Protect","|","|upkeep","|turn|6","||adding 10 for new turn","|","|t:|1752914806","|move|p2a: Skarmory|Protect||[still]","|-fail|p2a: Skarmory","|move|p1a: Gengar|Fire Punch|p2a: Skarmory","|-supereffective|p2a: Skarmory","|-damage|p2a: Skarmory|181/334","|","|-heal|p2a: Skarmory|201/334|[from] item: Leftovers","|upkeep","|turn|7","||adding 10 for new turn","|","|t:|1752914807","|move|p2a: Skarmory|Protect|p2a: Skarmory","|-singleturn|p2a: Skarmory|Protect","|move|p1a: Gengar|Fire Punch|p2a: Skarmory","|-activate|p2a: Skarmory|Protect","|","|-heal|p2a: Skarmory|221/334|[from] item: Leftovers","|upkeep","|turn|8","||adding 10 for new turn","|","|t:|1752914808","|move|p2a: Skarmory|Protect||[still]","|-fail|p2a: Skarmory","|move|p1a: Gengar|Fire Punch|p2a: Skarmory","|-supereffective|p2a: Skarmory","|-damage|p2a: Skarmory|45/334","|","|-heal|p2a: Skarmory|65/334|[from] item: Leftovers","|upkeep","|turn|9","||adding 10 for new turn","|","|t:|1752914809","|move|p2a: Skarmory|Protect|p2a: Skarmory","|-singleturn|p2a: Skarmory|Protect","|move|p1a: Gengar|Ice Punch|p2a: Skarmory","|-activate|p2a: Skarmory|Protect","|","|-heal|p2a: Skarmory|85/334|[from] item: Leftovers","|upkeep","|turn|10","||adding 10 for new turn","|","|t:|1752914810","|switch|p2a: Starmie|Starmie|262/262","|-damage|p2a: Starmie|197/262|[from] Spikes","|move|p1a: Gengar|Fire Punch|p2a: Starmie","|-resisted|p2a: Starmie","|-damage|p2a: Starmie|151/262","|","|-heal|p2a: Starmie|167/262|[from] item: Leftovers","|upkeep","|turn|11","||adding 10 for new turn","|","|t:|1752914811","|move|p2a: Starmie|Psychic|p1a: Gengar","|-supereffective|p1a: Gengar","|-damage|p1a: Gengar|0 fnt","|faint|p1a: Gengar","||adding 5 to each for mid turn request","|","|t:|1752914812","|switch|p1a: Jolteon|Jolteon, M|272/272","|-damage|p1a: Jolteon|204/272|[from] Spikes","|","|-heal|p1a: Jolteon|221/272|[from] item: Leftovers","|-heal|p2a: Starmie|183/262|[from] item: Leftovers","|upkeep","|turn|12","||adding 10 for new turn","|","|t:|1752914813","|switch|p2a: Jolteon|Jolteon, M|272/272","|-damage|p2a: Jolteon|204/272|[from] Spikes","|move|p1a: Jolteon|Thunderbolt|p2a: Jolteon","|-heal|p2a: Jolteon|272/272|[from] ability: Volt Absorb|[of] p1a: Jolteon","|","|-heal|p1a: Jolteon|238/272|[from] item: Leftovers","|upkeep","|turn|13","||adding 10 for new turn","|","|t:|1752914814","|move|p1a: Jolteon|Thunder Wave|p2a: Jolteon","|-status|p2a: Jolteon|par","|cant|p2a: Jolteon|par","|","|-heal|p1a: Jolteon|255/272|[from] item: Leftovers","|upkeep","|turn|14","||adding 10 for new turn","|","|t:|1752914815","|move|p1a: Jolteon|Hidden Power|p2a: Jolteon","|-damage|p2a: Jolteon|190/272 par","|move|p2a: Jolteon|Thunder Wave|p1a: Jolteon","|-status|p1a: Jolteon|par","|","|-heal|p1a: Jolteon|272/272 par|[from] item: Leftovers","|-heal|p2a: Jolteon|207/272 par|[from] item: Leftovers","|upkeep","|turn|15","||adding 10 for new turn","|","|t:|1752914816","|cant|p2a: Jolteon|par","|move|p1a: Jolteon|Hidden Power|p2a: Jolteon","|-damage|p2a: Jolteon|125/272 par","|","|-heal|p2a: Jolteon|142/272 par|[from] item: Leftovers","|upkeep","|turn|16","||adding 10 for new turn","|","|t:|1752914816","|move|p1a: Jolteon|Hidden Power|p2a: Jolteon","|-damage|p2a: Jolteon|58/272 par","|move|p2a: Jolteon|Hidden Power|p1a: Jolteon","|-damage|p1a: Jolteon|199/272 par","|","|-heal|p1a: Jolteon|216/272 par|[from] item: Leftovers","|-heal|p2a: Jolteon|75/272 par|[from] item: Leftovers","|upkeep","|turn|17","||adding 10 for new turn","|","|t:|1752914817","|move|p2a: Jolteon|Hidden Power|p1a: Jolteon","|-damage|p1a: Jolteon|143/272 par","|move|p1a: Jolteon|Hidden Power|p2a: Jolteon","|-damage|p2a: Jolteon|0 fnt","|faint|p2a: Jolteon","||adding 5 to each for mid turn request","|","|t:|1752914818","|switch|p2a: Tyranitar|Tyranitar, M|404/404","|-damage|p2a: Tyranitar|303/404|[from] Spikes","|-weather|Sandstorm|[from] ability: Sand Stream|[of] p2a: Tyranitar","|","|-weather|Sandstorm|[upkeep]","|-damage|p1a: Jolteon|126/272 par|[from] Sandstorm","|-heal|p2a: Tyranitar|328/404|[from] item: Leftovers","|-heal|p1a: Jolteon|143/272 par|[from] item: Leftovers","|upkeep","|turn|18","||adding 10 for new turn","|","|t:|1752914819","|move|p2a: Tyranitar|Rock Slide|p1a: Jolteon","|-damage|p1a: Jolteon|0 fnt","|faint|p1a: Jolteon","||adding 5 to each for mid turn request","|","|t:|1752914820","|switch|p1a: Metagross|Metagross|318/318","|-damage|p1a: Metagross|239/318|[from] Spikes","|","|-weather|Sandstorm|[upkeep]","|-heal|p2a: Tyranitar|353/404|[from] item: Leftovers","|upkeep","|turn|19","||adding 10 for new turn","|","|t:|1752914821","|switch|p2a: Skarmory|Skarmory, M|85/334","|move|p1a: Metagross|Meteor Mash|p2a: Skarmory","|-resisted|p2a: Skarmory","|-damage|p2a: Skarmory|0 fnt","|faint|p2a: Skarmory","||adding 5 to each for mid turn request","|","|t:|1752914822","|switch|p2a: Metagross|Metagross|318/318","|-damage|p2a: Metagross|239/318|[from] Spikes","|","|-weather|Sandstorm|[upkeep]","|upkeep","|turn|20","||adding 10 for new turn","|","|t:|1752914823","|move|p1a: Metagross|Meteor Mash|p2a: Metagross","|-resisted|p2a: Metagross","|-damage|p2a: Metagross|117/318","|-boost|p1a: Metagross|atk|1","|move|p2a: Metagross|Earthquake|p1a: Metagross","|-supereffective|p1a: Metagross","|-damage|p1a: Metagross|0 fnt","|faint|p1a: Metagross","||adding 5 to each for mid turn request","|","|t:|1752914824","|switch|p1a: Skarmory|Skarmory, F|334/334","|","|-weather|Sandstorm|[upkeep]","|upkeep","|turn|21","||adding 10 for new turn","|","|t:|1752914825","|move|p2a: Metagross|Earthquake|p1a: Skarmory","|-immune|p1a: Skarmory","|move|p1a: Skarmory|Roar|p2a: Metagross","|drag|p2a: Tyranitar|Tyranitar, M|353/404","|-damage|p2a: Tyranitar|252/404|[from] Spikes","|","|-weather|Sandstorm|[upkeep]","|-heal|p2a: Tyranitar|277/404|[from] item: Leftovers","|upkeep","|turn|22","||adding 10 for new turn","|","|t:|1752914826","|-singleturn|p2a: Tyranitar|move: Focus Punch","|move|p2a: Tyranitar|Focus Punch|p1a: Skarmory","|-damage|p1a: Skarmory|184/334","|move|p1a: Skarmory|Roar|p2a: Tyranitar","|drag|p2a: Gengar|Gengar, M|271/271","|","|-weather|Sandstorm|[upkeep]","|-damage|p2a: Gengar|255/271|[from] Sandstorm","|-heal|p2a: Gengar|271/271|[from] item: Leftovers","|-heal|p1a: Skarmory|204/334|[from] item: Leftovers","|upkeep","|turn|23","||adding 10 for new turn","|","|t:|1752914827","|move|p1a: Skarmory|Protect|p1a: Skarmory","|-singleturn|p1a: Skarmory|Protect","|move|p2a: Gengar|Fire Punch|p1a: Skarmory","|-activate|p1a: Skarmory|Protect","|","|-weather|Sandstorm|[upkeep]","|-damage|p2a: Gengar|255/271|[from] Sandstorm","|-heal|p2a: Gengar|271/271|[from] item: Leftovers","|-heal|p1a: Skarmory|224/334|[from] item: Leftovers","|upkeep","|turn|24","||adding 10 for new turn","|","|t:|1752914828","|switch|p1a: Tyranitar|Tyranitar, F|404/404","|-damage|p1a: Tyranitar|303/404|[from] Spikes","|move|p2a: Gengar|Fire Punch|p1a: Tyranitar","|-resisted|p1a: Tyranitar","|-damage|p1a: Tyranitar|259/404","|","|-weather|Sandstorm|[upkeep]","|-damage|p2a: Gengar|255/271|[from] Sandstorm","|-heal|p2a: Gengar|271/271|[from] item: Leftovers","|-heal|p1a: Tyranitar|284/404|[from] item: Leftovers","|upkeep","|turn|25","||adding 10 for new turn","|","|t:|1752914829","|move|p2a: Gengar|Hidden Power|p1a: Tyranitar","|-supereffective|p1a: Tyranitar","|-damage|p1a: Tyranitar|126/404","|move|p1a: Tyranitar|Rock Slide|p2a: Gengar|[miss]","|-miss|p1a: Tyranitar|p2a: Gengar","|","|-weather|Sandstorm|[upkeep]","|-damage|p2a: Gengar|255/271|[from] Sandstorm","|-heal|p2a: Gengar|271/271|[from] item: Leftovers","|-heal|p1a: Tyranitar|151/404|[from] item: Leftovers","|upkeep","|turn|26","||adding 10 for new turn","|","|t:|1752914830","|move|p2a: Gengar|Hidden Power|p1a: Tyranitar","|-supereffective|p1a: Tyranitar","|-crit|p1a: Tyranitar","|-damage|p1a: Tyranitar|0 fnt","|faint|p1a: Tyranitar","||adding 5 to each for mid turn request","|","|t:|1752914831","|switch|p1a: Starmie|Starmie|262/262","|-damage|p1a: Starmie|197/262|[from] Spikes","|","|-weather|Sandstorm|[upkeep]","|-damage|p1a: Starmie|181/262|[from] Sandstorm","|-damage|p2a: Gengar|255/271|[from] Sandstorm","|-heal|p1a: Starmie|197/262|[from] item: Leftovers","|-heal|p2a: Gengar|271/271|[from] item: Leftovers","|upkeep","|turn|27","||adding 10 for new turn","|","|t:|1752914832","|move|p1a: Starmie|Psychic|p2a: Gengar","|-supereffective|p2a: Gengar","|-damage|p2a: Gengar|0 fnt","|faint|p2a: Gengar","||adding 5 to each for mid turn request","|","|t:|1752914833","|switch|p2a: Starmie|Starmie|183/262","|-damage|p2a: Starmie|118/262|[from] Spikes","|","|-weather|Sandstorm|[upkeep]","|-damage|p1a: Starmie|181/262|[from] Sandstorm","|-damage|p2a: Starmie|102/262|[from] Sandstorm","|-heal|p2a: Starmie|118/262|[from] item: Leftovers","|-heal|p1a: Starmie|197/262|[from] item: Leftovers","|upkeep","|turn|28","||adding 10 for new turn","|","|t:|1752914834","|move|p1a: Starmie|Thunderbolt|p2a: Starmie","|-supereffective|p2a: Starmie","|-damage|p2a: Starmie|0 fnt","|faint|p2a: Starmie","||adding 5 to each for mid turn request","|j| thecrusher677","|","|t:|1752914835","|switch|p2a: Metagross|Metagross|117/318","|-damage|p2a: Metagross|38/318|[from] Spikes","|","|-weather|Sandstorm|[upkeep]","|-damage|p1a: Starmie|181/262|[from] Sandstorm","|-heal|p1a: Starmie|197/262|[from] item: Leftovers","|upkeep","|turn|29","||adding 10 for new turn","|","|t:|1752914836","|move|p1a: Starmie|Thunderbolt|p2a: Metagross","|-damage|p2a: Metagross|0 fnt","|faint|p2a: Metagross","||adding 5 to each for mid turn request","|","|t:|1752914837","|switch|p2a: Tyranitar|Tyranitar, M|277/404","|-damage|p2a: Tyranitar|176/404|[from] Spikes","|","|-weather|Sandstorm|[upkeep]","|-damage|p1a: Starmie|181/262|[from] Sandstorm","|-heal|p1a: Starmie|197/262|[from] item: Leftovers","|-heal|p2a: Tyranitar|201/404|[from] item: Leftovers","|upkeep","|turn|30","||adding 10 for new turn","|","|t:|1752914838","|move|p1a: Starmie|Hydro Pump|p2a: Tyranitar","|-supereffective|p2a: Tyranitar","|-damage|p2a: Tyranitar|0 fnt","|faint|p2a: Tyranitar","|","|win|foultestchallenge1",""],"p1rating":null,"p2rating":null,"endType":"normal","ladderError":true,"timestamp":"Sat Jul 19 2025 01:47:18 GMT-0700 (アメリカ太平洋夏時間)","roomid":"battle-gen3ou-873","format":"gen3ou"}