{"winner":"foultestacceptor1","seed":"sodium,1e94c5a4f5e0f387fe33d62b12d9e736","turns":23,"p1":"foultestchallenge1","p2":"foultestacceptor1","p1team":[{"name":"Skarmory","species":"Skarmory","item":"Leftovers","ability":"Keen Eye","moves":["Spikes","Protect","Roar","Toxic"],"nature":"Careful","evs":{"hp":252,"atk":0,"def":8,"spa":0,"spd":248,"spe":0},"gender":"F","ivs":{"hp":31,"atk":0,"def":31,"spa":31,"spd":31,"spe":31},"level":100},{"name":"Blissey","species":"Blissey","item":"Leftovers","ability":"Natural Cure","moves":["Soft-Boiled","Ice Beam","Toxic","Fire Blast"],"nature":"Modest","evs":{"hp":0,"atk":0,"def":252,"spa":252,"spd":0,"spe":4},"gender":"F","ivs":{"hp":31,"atk":0,"def":31,"spa":31,"spd":31,"spe":31},"shiny":true,"level":100},{"name":"Tyranitar","species":"Tyranitar","item":"Leftovers","ability":"Sand Stream","moves":["Focus Punch","Rock Slide","Hidden Power Bug","Earthquake"],"nature":"Adamant","evs":{"hp":248,"atk":196,"def":12,"spa":0,"spd":52,"spe":0},"gender":"F","ivs":{"hp":31,"atk":30,"def":30,"spa":31,"spd":30,"spe":31},"happiness":255,"hpType":"Bug","pokeball":"","gigantamax":false,"dynamaxLevel":10,"teraType":"","level":100},{"name":"Swampert","species":"Swampert","item":"Leftovers","ability":"Torrent","moves":["Earthquake","Ice Beam","Hydro Pump","Protect"],"nature":"Relaxed","evs":{"hp":240,"atk":0,"def":136,"spa":40,"spd":48,"spe":44},"gender":"F","level":100,"ivs":{"hp":31,"atk":31,"def":31,"spa":31,"spd":31,"spe":31}},{"name":"Gengar","species":"Gengar","item":"Leftovers","ability":"Levitate","moves":["Will-O-Wisp","Thunderbolt","Ice Punch","Explosion"],"nature":"Timid","evs":{"hp":168,"atk":0,"def":0,"spa":0,"spd":164,"spe":176},"gender":"F","level":100,"ivs":{"hp":31,"atk":31,"def":31,"spa":31,"spd":31,"spe":31}},{"name":"Starmie","species":"Starmie","item":"Leftovers","ability":"Natural Cure","moves":["Hydro Pump","Ice Beam","Thunderbolt","Rapid Spin"],"nature":"Timid","evs":{"hp":4,"atk":0,"def":0,"spa":252,"spd":0,"spe":252},"gender":"N","ivs":{"hp":31,"atk":0,"def":31,"spa":31,"spd":31,"spe":31},"level":100}],"p2team":[{"name":"Zapdos","species":"Zapdos","item":"Leftovers","ability":"Pressure","moves":["Thunderbolt","Hidden Power Grass","Baton Pass","Roar"],"nature":"Modest","evs":{"hp":0,"atk":0,"def":0,"spa":220,"spd":48,"spe":240},"gender":"N","ivs":{"hp":31,"atk":2,"def":31,"spa":30,"spd":31,"spe":31},"happiness":255,"hpType":"Grass","pokeball":"","gigantamax":false,"dynamaxLevel":10,"teraType":"","level":100},{"name":"Metagross","species":"Metagross","item":"Choice Band","ability":"Clear Body","moves":["Meteor Mash","Explosion","Earthquake","Rock Slide"],"nature":"Adamant","evs":{"hp":128,"atk":252,"def":0,"spa":0,"spd":0,"spe":128},"gender":"N","level":100,"ivs":{"hp":31,"atk":31,"def":31,"spa":31,"spd":31,"spe":31}},{"name":"Celebi","species":"Celebi","item":"Leftovers","ability":"Natural Cure","moves":["Calm Mind","Giga Drain","Hidden Power Ice","Baton Pass"],"nature":"Timid","evs":{"hp":208,"atk":0,"def":84,"spa":36,"spd":0,"spe":180},"gender":"N","ivs":{"hp":31,"atk":3,"def":31,"spa":31,"spd":31,"spe":30},"happiness":255,"hpType":"Ice","pokeball":"","gigantamax":false,"dynamaxLevel":10,"teraType":"","level":100},{"name":"Gengar","species":"Gengar","item":"Leftovers","ability":"Levitate","moves":["Thunderbolt","Ice Punch","Giga Drain","Explosion"],"nature":"Timid","evs":{"hp":8,"atk":0,"def":200,"spa":116,"spd":0,"spe":184},"gender":"F","level":100,"ivs":{"hp":31,"atk":31,"def":31,"spa":31,"spd":31,"spe":31}},{"name":"Swampert","species":"Swampert","item":"Leftovers","ability":"Torrent","moves":["Hydro Pump","Earthquake","Ice Beam","Refresh"],"nature":"Quiet","evs":{"hp":240,"atk":0,"def":12,"spa":216,"spd":0,"spe":40},"gender":"F","level":100,"ivs":{"hp":31,"atk":31,"def":31,"spa":31,"spd":31,"spe":31}},{"name":"Charizard","species":"Charizard","item":"Leftovers","ability":"Blaze","moves":["Substitute","Hidden Power Grass","Fire Blast","Focus Punch"],"nature":"Mild","evs":{"hp":0,"atk":4,"def":0,"spa":252,"spd":0,"spe":252},"gender":"M","ivs":{"hp":31,"atk":30,"def":31,"spa":30,"spd":31,"spe":31},"happiness":255,"hpType":"Grass","pokeball":"","gigantamax":false,"dynamaxLevel":10,"teraType":"","level":100}],"score":[0,4],"inputLog":[">version 372d05e49c92a79eecdf6c8dddb208bd1765c00f",">start {\"formatid\":\"gen3ou\",\"seed\":\"sodium,1e94c5a4f5e0f387fe33d62b12d9e736\"}",">player p1 {\"name\":\"foultestchallenge1\",\"avatar\":\"1\",\"team\":\"Skarmory||Leftovers|KeenEye|Spikes,Protect,Roar,Toxic|Careful|252,,8,,248,|F|,0,,,,|||]Blissey||Leftovers|NaturalCure|SoftBoiled,IceBeam,Toxic,FireBlast|Modest|,,252,252,,4|F|,0,,,,|S||]Tyranitar||Leftovers|SandStream|FocusPunch,RockSlide,HiddenPowerBug,Earthquake|Adamant|248,196,12,,52,|F|,30,30,,30,|||,Bug,,,,]Swampert||Leftovers|Torrent|Earthquake,IceBeam,HydroPump,Protect|Relaxed|240,,136,40,48,44|F||||]Gengar||Leftovers|Levitate|WillOWisp,Thunderbolt,IcePunch,Explosion|Timid|168,,,,164,176|F||||]Starmie||Leftovers|NaturalCure|HydroPump,IceBeam,Thunderbolt,RapidSpin|Timid|4,,,252,,252|N|,0,,,,|||\",\"rating\":0}",">player p2 {\"name\":\"foultestacceptor1\",\"avatar\":\"1\",\"team\":\"Zapdos||Leftovers|Pressure|Thunderbolt,HiddenPowerGrass,BatonPass,Roar|Modest|,,,220,48,240|N|,2,,30,,|||,Grass,,,,]Metagross||ChoiceBand|ClearBody|MeteorMash,Explosion,Earthquake,RockSlide|Adamant|128,252,,,,128|N||||]Celebi||Leftovers|NaturalCure|CalmMind,GigaDrain,HiddenPowerIce,BatonPass|Timid|208,,84,36,,180|N|,3,,,,30|||,Ice,,,,]Gengar||Leftovers|Levitate|Thunderbolt,IcePunch,GigaDrain,Explosion|Timid|8,,200,116,,184|F||||]Swampert||Leftovers|Torrent|HydroPump,Earthquake,IceBeam,Refresh|Quiet|240,,12,216,,40|F||||]Charizard||Leftovers|Blaze|Substitute,HiddenPowerGrass,FireBlast,FocusPunch|Mild|,4,,252,,252|M|,30,,30,,|||,Grass,,,,\",\"rating\":0}",">p1 move spikes",">p2 move thunderbolt",">p1 switch 2",">p2 move thunderbolt",">p1 move icebeam",">p2 switch 2",">p1 switch 4",">p2 move meteormash",">p1 move earthquake",">p2 move meteormash",">p1 move icebeam",">p2 move meteormash",">p2 switch 6",">p1 move hydropump",">p2 move fireblast",">p1 switch 3",">p1 move rockslide",">p2 switch 5",">p1 switch 4",">p2 move hydropump",">p1 move softboiled",">p2 move earthquake",">p1 move icebeam",">p2 move earthquake",">p1 move softboiled",">p2 move earthquake",">p1 move softboiled",">p2 move earthquake",">p1 move softboiled",">p2 move earthquake",">p1 switch 6",">p1 move hydropump",">p2 move earthquake",">p1 move hydropump",">p2 move earthquake",">p1 switch 2",">p1 move toxic",">p2 move icebeam",">p1 switch 4",">p1 move rockslide",">p2 move hydropump",">p1 move earthquake",">p2 move icebeam",">p2 switch 5",">p1 switch 5",">p2 move hiddenpower",">p1 switch 5",">p2 move fireblast",">p1 switch 5",">p1 move icepunch",">p2 move fireblast",">p1 move icepunch",">p2 move fireblast"],"log":["|j|☆foultestchallenge1","|j|☆foultestacceptor1","|t:|1752923426","|gametype|singles","|player|p1|foultestchallenge1|1|","|player|p2|foultestacceptor1|1|","|teamsize|p1|6","|teamsize|p2|6","|gen|3","|tier|[Gen 3] OU","|rule|Sleep Clause Mod: Limit one foe put to sleep","|rule|Switch Priority Clause Mod: Faster Pokémon switch first","|rule|Species Clause: Limit one of each Pokémon","|rule|OHKO Clause: OHKO moves are banned","|rule|Evasion Items Clause: Evasion items are banned","|rule|Evasion Moves Clause: Evasion moves are banned","|rule|Endless Battle Clause: Forcing endless battles is banned","|rule|HP Percentage Mod: HP is shown in percentages","|rule|One Boost Passer Clause: Limit one Baton Passer that has a way to boost its stats","|rule|Freeze Clause Mod: Limit one foe frozen","|","|t:|1752923426","|start","|switch|p1a: Skarmory|Skarmory, F|334/334","|switch|p2a: Zapdos|Zapdos|321/321","|-ability|p2a: Zapdos|Pressure|[silent]","|turn|1","|inactive|Battle timer is ON: inactive players will automatically lose when time's up. (requested by foultestchallenge1)","|inactive|foultestacceptor1 also wants the timer to be on.","|","|t:|1752923427","|move|p2a: Zapdos|Thunderbolt|p1a: Skarmory","|-supereffective|p1a: Skarmory","|-damage|p1a: Skarmory|4/334","|move|p1a: Skarmory|Spikes|p2a: Zapdos","|-sidestart|p2: foultestacceptor1|Spikes","|","|-heal|p1a: Skarmory|24/334|[from] item: Leftovers","|upkeep","|turn|2","||adding 10 for new turn","|","|t:|1752923428","|switch|p1a: Blissey|Blissey, F, shiny|651/651","|move|p2a: Zapdos|Thunderbolt|p1a: Blissey","|-damage|p1a: Blissey|511/651","|","|-heal|p1a: Blissey|551/651|[from] item: Leftovers","|upkeep","|turn|3","||adding 10 for new turn","|","|t:|1752923429","|switch|p2a: Metagross|Metagross|333/333","|-damage|p2a: Metagross|292/333|[from] Spikes","|move|p1a: Blissey|Ice Beam|p2a: Metagross","|-resisted|p2a: Metagross","|-damage|p2a: Metagross|244/333","|","|-heal|p1a: Blissey|591/651|[from] item: Leftovers","|upkeep","|turn|4","||adding 10 for new turn","|","|t:|1752923431","|switch|p1a: Swampert|Swampert, F|401/401","|move|p2a: Metagross|Meteor Mash|p1a: Swampert","|-resisted|p1a: Swampert","|-damage|p1a: Swampert|277/401","|","|-heal|p1a: Swampert|302/401|[from] item: Leftovers","|upkeep","|turn|5","||adding 10 for new turn","|","|t:|1752923432","|move|p2a: Metagross|Meteor Mash|p1a: Swampert","|-resisted|p1a: Swampert","|-damage|p1a: Swampert|182/401","|move|p1a: Swampert|Earthquake|p2a: Metagross","|-supereffective|p2a: Metagross","|-damage|p2a: Metagross|22/333","|","|-heal|p1a: Swampert|207/401|[from] item: Leftovers","|upkeep","|turn|6","||adding 10 for new turn","|","|t:|1752923433","|move|p2a: Metagross|Meteor Mash|p1a: Swampert","|-resisted|p1a: Swampert","|-damage|p1a: Swampert|70/401","|move|p1a: Swampert|Ice Beam|p2a: Metagross","|-resisted|p2a: Metagross","|-damage|p2a: Metagross|0 fnt","|faint|p2a: Metagross","||adding 5 to each for mid turn request","|","|t:|1752923434","|switch|p2a: Charizard|Charizard, M|297/297","|","|-heal|p1a: Swampert|95/401|[from] item: Leftovers","|upkeep","|turn|7","||adding 10 for new turn","|","|t:|1752923435","|move|p2a: Charizard|Fire Blast|p1a: Swampert","|-resisted|p1a: Swampert","|-damage|p1a: Swampert|0 fnt","|faint|p1a: Swampert","||adding 5 to each for mid turn request","|","|t:|1752923436","|switch|p1a: Tyranitar|Tyranitar, F|403/403","|-weather|Sandstorm|[from] ability: Sand Stream|[of] p1a: Tyranitar","|","|-weather|Sandstorm|[upkeep]","|-damage|p2a: Charizard|279/297|[from] Sandstorm","|-heal|p2a: Charizard|297/297|[from] item: Leftovers","|upkeep","|turn|8","||adding 10 for new turn","|","|t:|1752923437","|switch|p2a: Swampert|Swampert, F|401/401","|-damage|p2a: Swampert|351/401|[from] Spikes","|move|p1a: Tyranitar|Rock Slide|p2a: Swampert","|-resisted|p2a: Swampert","|-damage|p2a: Swampert|276/401","|","|-weather|Sandstorm|[upkeep]","|-heal|p2a: Swampert|301/401|[from] item: Leftovers","|upkeep","|turn|9","||adding 10 for new turn","|","|t:|1752923438","|switch|p1a: Blissey|Blissey, F, shiny|591/651","|move|p2a: Swampert|Hydro Pump|p1a: Blissey","|-damage|p1a: Blissey|466/651","|","|-weather|Sandstorm|[upkeep]","|-damage|p1a: Blissey|426/651|[from] Sandstorm","|-heal|p2a: Swampert|326/401|[from] item: Leftovers","|-heal|p1a: Blissey|466/651|[from] item: Leftovers","|upkeep","|turn|10","||adding 10 for new turn","|","|t:|1752923439","|move|p2a: Swampert|Earthquake|p1a: Blissey","|-damage|p1a: Blissey|224/651","|move|p1a: Blissey|Soft-Boiled|p1a: Blissey","|-heal|p1a: Blissey|549/651","|","|-weather|Sandstorm|[upkeep]","|-damage|p1a: Blissey|509/651|[from] Sandstorm","|-heal|p2a: Swampert|351/401|[from] item: Leftovers","|-heal|p1a: Blissey|549/651|[from] item: Leftovers","|upkeep","|turn|11","||adding 10 for new turn","|","|t:|1752923440","|move|p2a: Swampert|Earthquake|p1a: Blissey","|-damage|p1a: Blissey|298/651","|move|p1a: Blissey|Ice Beam|p2a: Swampert","|-damage|p2a: Swampert|262/401","|","|-weather|Sandstorm|[upkeep]","|-damage|p1a: Blissey|258/651|[from] Sandstorm","|-heal|p2a: Swampert|287/401|[from] item: Leftovers","|-heal|p1a: Blissey|298/651|[from] item: Leftovers","|upkeep","|turn|12","||adding 10 for new turn","|","|t:|1752923441","|move|p2a: Swampert|Earthquake|p1a: Blissey","|-damage|p1a: Blissey|66/651","|move|p1a: Blissey|Soft-Boiled|p1a: Blissey","|-heal|p1a: Blissey|391/651","|","|-weather|Sandstorm|[upkeep]","|-damage|p1a: Blissey|351/651|[from] Sandstorm","|-heal|p2a: Swampert|312/401|[from] item: Leftovers","|-heal|p1a: Blissey|391/651|[from] item: Leftovers","|upkeep","|turn|13","||adding 10 for new turn","|","|t:|1752923442","|move|p2a: Swampert|Earthquake|p1a: Blissey","|-damage|p1a: Blissey|146/651","|move|p1a: Blissey|Soft-Boiled|p1a: Blissey","|-heal|p1a: Blissey|471/651","|","|-weather|Sandstorm|[upkeep]","|-damage|p1a: Blissey|431/651|[from] Sandstorm","|-heal|p2a: Swampert|337/401|[from] item: Leftovers","|-heal|p1a: Blissey|471/651|[from] item: Leftovers","|upkeep","|turn|14","||adding 10 for new turn","|","|t:|1752923443","|move|p2a: Swampert|Earthquake|p1a: Blissey","|-crit|p1a: Blissey","|-damage|p1a: Blissey|0 fnt","|faint|p1a: Blissey","||adding 5 to each for mid turn request","|","|t:|1752923444","|switch|p1a: Starmie|Starmie|262/262","|","|-weather|Sandstorm|[upkeep]","|-damage|p1a: Starmie|246/262|[from] Sandstorm","|-heal|p1a: Starmie|262/262|[from] item: Leftovers","|-heal|p2a: Swampert|362/401|[from] item: Leftovers","|upkeep","|turn|15","||adding 10 for new turn","|","|t:|1752923445","|move|p1a: Starmie|Hydro Pump|p2a: Swampert","|-damage|p2a: Swampert|162/401","|move|p2a: Swampert|Earthquake|p1a: Starmie","|-damage|p1a: Starmie|118/262","|","|-weather|Sandstorm|[upkeep]","|-damage|p1a: Starmie|102/262|[from] Sandstorm","|-heal|p1a: Starmie|118/262|[from] item: Leftovers","|-heal|p2a: Swampert|187/401|[from] item: Leftovers","|upkeep","|turn|16","||adding 10 for new turn","|","|t:|1752923446","|move|p1a: Starmie|Hydro Pump|p2a: Swampert|[miss]","|-miss|p1a: Starmie|p2a: Swampert","|move|p2a: Swampert|Earthquake|p1a: Starmie","|-damage|p1a: Starmie|0 fnt","|faint|p1a: Starmie","||adding 5 to each for mid turn request","|","|t:|1752923447","|switch|p1a: Skarmory|Skarmory, F|24/334","|","|-weather|Sandstorm|[upkeep]","|-heal|p1a: Skarmory|44/334|[from] item: Leftovers","|-heal|p2a: Swampert|212/401|[from] item: Leftovers","|upkeep","|turn|17","||adding 10 for new turn","|","|t:|1752923448","|move|p1a: Skarmory|Toxic|p2a: Swampert","|-status|p2a: Swampert|tox","|move|p2a: Swampert|Ice Beam|p1a: Skarmory","|-damage|p1a: Skarmory|0 fnt","|faint|p1a: Skarmory","||adding 5 to each for mid turn request","|","|t:|1752923448","|switch|p1a: Tyranitar|Tyranitar, F|403/403","|","|-weather|Sandstorm|[upkeep]","|-heal|p2a: Swampert|237/401 tox|[from] item: Leftovers","|-damage|p2a: Swampert|212/401 tox|[from] psn","|upkeep","|turn|18","||adding 10 for new turn","|","|t:|1752923449","|move|p1a: Tyranitar|Rock Slide|p2a: Swampert","|-resisted|p2a: Swampert","|-damage|p2a: Swampert|134/401 tox","|move|p2a: Swampert|Hydro Pump|p1a: Tyranitar","|-supereffective|p1a: Tyranitar","|-damage|p1a: Tyranitar|53/403","|","|-weather|Sandstorm|[upkeep]","|-heal|p1a: Tyranitar|78/403|[from] item: Leftovers","|-heal|p2a: Swampert|159/401 tox|[from] item: Leftovers","|-damage|p2a: Swampert|109/401 tox|[from] psn","|upkeep","|turn|19","||adding 10 for new turn","|","|t:|1752923450","|move|p1a: Tyranitar|Earthquake|p2a: Swampert","|-damage|p2a: Swampert|0 fnt","|faint|p2a: Swampert","||adding 5 to each for mid turn request","|","|t:|1752923451","|switch|p2a: Charizard|Charizard, M|297/297","|","|-weather|Sandstorm|[upkeep]","|-damage|p2a: Charizard|279/297|[from] Sandstorm","|-heal|p2a: Charizard|297/297|[from] item: Leftovers","|-heal|p1a: Tyranitar|103/403|[from] item: Leftovers","|upkeep","|turn|20","||adding 10 for new turn","|","|t:|1752923452","|switch|p1a: Gengar|Gengar, F|303/303","|move|p2a: Charizard|Hidden Power|p1a: Gengar","|-resisted|p1a: Gengar","|-crit|p1a: Gengar","|-damage|p1a: Gengar|214/303","|","|-weather|Sandstorm|[upkeep]","|-damage|p1a: Gengar|196/303|[from] Sandstorm","|-damage|p2a: Charizard|279/297|[from] Sandstorm","|-heal|p1a: Gengar|214/303|[from] item: Leftovers","|-heal|p2a: Charizard|297/297|[from] item: Leftovers","|upkeep","|turn|21","||adding 10 for new turn","|","|t:|1752923453","|switch|p1a: Tyranitar|Tyranitar, F|103/403","|move|p2a: Charizard|Fire Blast|p1a: Tyranitar","|-resisted|p1a: Tyranitar","|-damage|p1a: Tyranitar|0 fnt","|faint|p1a: Tyranitar","||adding 5 to each for mid turn request","|","|t:|1752923454","|switch|p1a: Gengar|Gengar, F|214/303","|","|-weather|Sandstorm|[upkeep]","|-damage|p1a: Gengar|196/303|[from] Sandstorm","|-damage|p2a: Charizard|279/297|[from] Sandstorm","|-heal|p1a: Gengar|214/303|[from] item: Leftovers","|-heal|p2a: Charizard|297/297|[from] item: Leftovers","|upkeep","|turn|22","||adding 10 for new turn","|","|t:|1752923454","|move|p1a: Gengar|Ice Punch|p2a: Charizard","|-damage|p2a: Charizard|207/297","|move|p2a: Charizard|Fire Blast|p1a: Gengar|[miss]","|-miss|p2a: Charizard|p1a: Gengar","|","|-weather|Sandstorm|[upkeep]","|-damage|p1a: Gengar|196/303|[from] Sandstorm","|-damage|p2a: Charizard|189/297|[from] Sandstorm","|-heal|p1a: Gengar|214/303|[from] item: Leftovers","|-heal|p2a: Charizard|207/297|[from] item: Leftovers","|upkeep","|turn|23","||adding 10 for new turn","|","|t:|1752923455","|move|p1a: Gengar|Ice Punch|p2a: Charizard","|-damage|p2a: Charizard|123/297","|move|p2a: Charizard|Fire Blast|p1a: Gengar","|-damage|p1a: Gengar|13/303","|","|-weather|Sandstorm|[upkeep]","|-damage|p1a: Gengar|0 fnt|[from] Sandstorm","|-damage|p2a: Charizard|105/297|[from] Sandstorm","|faint|p1a: Gengar","|","|win|foultestacceptor1",""],"p1rating":null,"p2rating":null,"endType":"normal","ladderError":true,"timestamp":"Sat Jul 19 2025 04:10:55 GMT-0700 (アメリカ太平洋夏時間)","roomid":"battle-gen3ou-930","format":"gen3ou"}