{"winner":"foultestacceptor1","seed":"sodium,9a7b4dbf651cd0b276c77df9edbd21ec","turns":17,"p1":"foultestchallenge1","p2":"foultestacceptor1","p1team":[{"name":"Zapdos","species":"Zapdos","item":"Leftovers","ability":"Pressure","moves":["Thunderbolt","Hidden Power Grass","Baton Pass","Roar"],"nature":"Modest","evs":{"hp":0,"atk":0,"def":0,"spa":220,"spd":48,"spe":240},"gender":"N","ivs":{"hp":31,"atk":2,"def":31,"spa":30,"spd":31,"spe":31},"happiness":255,"hpType":"Grass","pokeball":"","gigantamax":false,"dynamaxLevel":10,"teraType":"","level":100},{"name":"Metagross","species":"Metagross","item":"Choice Band","ability":"Clear Body","moves":["Meteor Mash","Explosion","Earthquake","Rock Slide"],"nature":"Adamant","evs":{"hp":128,"atk":252,"def":0,"spa":0,"spd":0,"spe":128},"gender":"N","level":100,"ivs":{"hp":31,"atk":31,"def":31,"spa":31,"spd":31,"spe":31}},{"name":"Celebi","species":"Celebi","item":"Leftovers","ability":"Natural Cure","moves":["Calm Mind","Giga Drain","Hidden Power Ice","Baton Pass"],"nature":"Timid","evs":{"hp":208,"atk":0,"def":84,"spa":36,"spd":0,"spe":180},"gender":"N","ivs":{"hp":31,"atk":3,"def":31,"spa":31,"spd":31,"spe":30},"happiness":255,"hpType":"Ice","pokeball":"","gigantamax":false,"dynamaxLevel":10,"teraType":"","level":100},{"name":"Gengar","species":"Gengar","item":"Leftovers","ability":"Levitate","moves":["Thunderbolt","Ice Punch","Giga Drain","Explosion"],"nature":"Timid","evs":{"hp":8,"atk":0,"def":200,"spa":116,"spd":0,"spe":184},"gender":"F","level":100,"ivs":{"hp":31,"atk":31,"def":31,"spa":31,"spd":31,"spe":31}},{"name":"Swampert","species":"Swampert","item":"Leftovers","ability":"Torrent","moves":["Hydro Pump","Earthquake","Ice Beam","Refresh"],"nature":"Quiet","evs":{"hp":240,"atk":0,"def":12,"spa":216,"spd":0,"spe":40},"gender":"F","level":100,"ivs":{"hp":31,"atk":31,"def":31,"spa":31,"spd":31,"spe":31}},{"name":"Charizard","species":"Charizard","item":"Leftovers","ability":"Blaze","moves":["Substitute","Hidden Power Grass","Fire Blast","Focus Punch"],"nature":"Mild","evs":{"hp":0,"atk":4,"def":0,"spa":252,"spd":0,"spe":252},"gender":"M","ivs":{"hp":31,"atk":30,"def":31,"spa":30,"spd":31,"spe":31},"happiness":255,"hpType":"Grass","pokeball":"","gigantamax":false,"dynamaxLevel":10,"teraType":"","level":100}],"p2team":[{"name":"Medicham","species":"Medicham","item":"Salac Berry","ability":"Pure Power","moves":["Brick Break","Focus Punch","Rock Slide","Shadow Ball"],"nature":"Jolly","evs":{"hp":4,"atk":252,"def":0,"spa":0,"spd":0,"spe":252},"gender":"F","level":100,"ivs":{"hp":31,"atk":31,"def":31,"spa":31,"spd":31,"spe":31}},{"name":"Magneton","species":"Magneton","item":"Magnet","ability":"Magnet Pull","moves":["Thunderbolt","Hidden Power Fire","Toxic","Rain Dance"],"nature":"Modest","evs":{"hp":4,"atk":0,"def":0,"spa":252,"spd":0,"spe":252},"gender":"N","ivs":{"hp":31,"atk":2,"def":31,"spa":30,"spd":31,"spe":30},"happiness":255,"hpType":"Fire","pokeball":"","gigantamax":false,"dynamaxLevel":10,"teraType":"","level":100},{"name":"Snorlax","species":"Snorlax","item":"Leftovers","ability":"Immunity","moves":["Self-Destruct","Body Slam","Shadow Ball","Earthquake"],"nature":"Adamant","evs":{"hp":92,"atk":116,"def":144,"spa":0,"spd":144,"spe":12},"gender":"M","level":100,"ivs":{"hp":31,"atk":31,"def":31,"spa":31,"spd":31,"spe":31}},{"name":"Suicune","species":"Suicune","item":"Leftovers","ability":"Pressure","moves":["Calm Mind","Surf","Rest","Ice Beam"],"nature":"Calm","evs":{"hp":252,"atk":0,"def":0,"spa":180,"spd":68,"spe":8},"gender":"N","ivs":{"hp":31,"atk":0,"def":31,"spa":31,"spd":31,"spe":31},"level":100},{"name":"Salamence","species":"Salamence","item":"Leftovers","ability":"Intimidate","moves":["Dragon Dance","Hidden Power Flying","Rock Slide","Earthquake"],"nature":"Adamant","evs":{"hp":0,"atk":156,"def":0,"spa":0,"spd":140,"spe":212},"gender":"F","ivs":{"hp":31,"atk":31,"def":31,"spa":30,"spd":30,"spe":30},"happiness":255,"hpType":"Flying","pokeball":"","gigantamax":false,"dynamaxLevel":10,"teraType":"","level":100},{"name":"Metagross","species":"Metagross","item":"Leftovers","ability":"Clear Body","moves":["Agility","Meteor Mash","Earthquake","Explosion"],"nature":"Adamant","evs":{"hp":252,"atk":144,"def":24,"spa":0,"spd":0,"spe":88},"gender":"N","level":100,"ivs":{"hp":31,"atk":31,"def":31,"spa":31,"spd":31,"spe":31}}],"score":[0,2],"inputLog":[">version 372d05e49c92a79eecdf6c8dddb208bd1765c00f",">start {\"formatid\":\"gen3ou\",\"seed\":\"sodium,9a7b4dbf651cd0b276c77df9edbd21ec\"}",">player p1 {\"name\":\"foultestchallenge1\",\"avatar\":\"1\",\"team\":\"Zapdos||Leftovers|Pressure|Thunderbolt,HiddenPowerGrass,BatonPass,Roar|Modest|,,,220,48,240|N|,2,,30,,|||,Grass,,,,]Metagross||ChoiceBand|ClearBody|MeteorMash,Explosion,Earthquake,RockSlide|Adamant|128,252,,,,128|N||||]Celebi||Leftovers|NaturalCure|CalmMind,GigaDrain,HiddenPowerIce,BatonPass|Timid|208,,84,36,,180|N|,3,,,,30|||,Ice,,,,]Gengar||Leftovers|Levitate|Thunderbolt,IcePunch,GigaDrain,Explosion|Timid|8,,200,116,,184|F||||]Swampert||Leftovers|Torrent|HydroPump,Earthquake,IceBeam,Refresh|Quiet|240,,12,216,,40|F||||]Charizard||Leftovers|Blaze|Substitute,HiddenPowerGrass,FireBlast,FocusPunch|Mild|,4,,252,,252|M|,30,,30,,|||,Grass,,,,\",\"rating\":0}",">player p2 {\"name\":\"foultestacceptor1\",\"avatar\":\"169\",\"team\":\"Medicham||SalacBerry|PurePower|BrickBreak,FocusPunch,RockSlide,ShadowBall|Jolly|4,252,,,,252|F||||]Magneton||Magnet|MagnetPull|Thunderbolt,HiddenPowerFire,Toxic,RainDance|Modest|4,,,252,,252|N|,2,,30,,30|||,Fire,,,,]Snorlax||Leftovers|Immunity|SelfDestruct,BodySlam,ShadowBall,Earthquake|Adamant|92,116,144,,144,12|M||||]Suicune||Leftovers|Pressure|CalmMind,Surf,Rest,IceBeam|Calm|252,,,180,68,8|N|,0,,,,|||]Salamence||Leftovers|Intimidate|DragonDance,HiddenPowerFlying,RockSlide,Earthquake|Adamant|,156,,,140,212|F|,,,30,30,30|||,Flying,,,,]Metagross||Leftovers|ClearBody|Agility,MeteorMash,Earthquake,Explosion|Adamant|252,144,24,,,88|N||||\",\"rating\":0}",">p1 move thunderbolt",">p2 move rockslide",">p1 switch 5",">p2 move shadowball",">p1 move earthquake",">p2 move brickbreak",">p2 switch 4",">p1 switch 2",">p2 move calmmind",">p1 move explosion",">p2 move surf",">p1 switch 2",">p2 switch 3",">p1 move earthquake",">p2 move bodyslam",">p1 move hydropump",">p2 move bodyslam",">p1 switch 5",">p1 move thunderbolt",">p2 move bodyslam",">p1 switch 6",">p1 move fireblast",">p2 switch 5",">p1 move fireblast",">p2 move rockslide",">p1 switch 3",">p1 move calmmind",">p2 move hiddenpower",">p1 move hiddenpower",">p2 move hiddenpower",">p2 switch 6",">p1 move gigadrain",">p2 move meteormash",">p1 move batonpass",">p2 move meteormash",">p1 switch 4",">p1 move thunderbolt",">p2 move meteormash",">p1 move icepunch",">p2 move meteormash",">p1 switch 4",">p1 move gigadrain",">p2 move explosion"],"log":["|j|☆foultestchallenge1","|j|☆foultestacceptor1","|t:|1752962544","|gametype|singles","|player|p1|foultestchallenge1|1|","|player|p2|foultestacceptor1|169|","|teamsize|p1|6","|teamsize|p2|6","|gen|3","|tier|[Gen 3] OU","|rule|Sleep Clause Mod: Limit one foe put to sleep","|rule|Switch Priority Clause Mod: Faster Pokémon switch first","|rule|Species Clause: Limit one of each Pokémon","|rule|OHKO Clause: OHKO moves are banned","|rule|Evasion Items Clause: Evasion items are banned","|rule|Evasion Moves Clause: Evasion moves are banned","|rule|Endless Battle Clause: Forcing endless battles is banned","|rule|HP Percentage Mod: HP is shown in percentages","|rule|One Boost Passer Clause: Limit one Baton Passer that has a way to boost its stats","|rule|Freeze Clause Mod: Limit one foe frozen","|","|t:|1752962544","|start","|switch|p1a: Zapdos|Zapdos|321/321","|switch|p2a: Medicham|Medicham, F|262/262","|-ability|p1a: Zapdos|Pressure|[silent]","|turn|1","|inactive|Battle timer is ON: inactive players will automatically lose when time's up. (requested by foultestacceptor1)","|inactive|foultestchallenge1 also wants the timer to be on.","|","|t:|1752962552","|move|p1a: Zapdos|Thunderbolt|p2a: Medicham","|-damage|p2a: Medicham|24/262","|move|p2a: Medicham|Rock Slide|p1a: Zapdos","|-supereffective|p1a: Zapdos","|-damage|p1a: Zapdos|87/321","|","|-heal|p1a: Zapdos|107/321|[from] item: Leftovers","|-enditem|p2a: Medicham|Salac Berry|[eat]","|-boost|p2a: Medicham|spe|1|[from] item: Salac Berry","|upkeep","|turn|2","||adding 10 for new turn","|","|t:|1752962560","|switch|p1a: Swampert|Swampert, F|401/401","|move|p2a: Medicham|Shadow Ball|p1a: Swampert","|-damage|p1a: Swampert|279/401","|","|-heal|p1a: Swampert|304/401|[from] item: Leftovers","|upkeep","|turn|3","||adding 10 for new turn","|","|t:|1752962568","|move|p2a: Medicham|Brick Break|p1a: Swampert","|-damage|p1a: Swampert|139/401","|move|p1a: Swampert|Earthquake|p2a: Medicham","|-damage|p2a: Medicham|0 fnt","|faint|p2a: Medicham","||adding 5 to each for mid turn request","|","|t:|1752962576","|switch|p2a: Suicune|Suicune|404/404","|-ability|p2a: Suicune|Pressure|[silent]","|","|-heal|p1a: Swampert|164/401|[from] item: Leftovers","|upkeep","|turn|4","||adding 10 for new turn","|","|t:|1752962584","|switch|p1a: Metagross|Metagross|333/333","|move|p2a: Suicune|Calm Mind|p2a: Suicune","|-boost|p2a: Suicune|spa|1","|-boost|p2a: Suicune|spd|1","|","|upkeep","|turn|5","||adding 10 for new turn","|","|t:|1752962592","|move|p1a: Metagross|Explosion|p2a: Suicune","|-crit|p2a: Suicune","|-damage|p2a: Suicune|0 fnt","|faint|p1a: Metagross","|faint|p2a: Suicune","||adding 5 to each for mid turn request","|","|t:|1752962599","|switch|p1a: Swampert|Swampert, F|164/401","|switch|p2a: Snorlax|Snorlax, M|484/484","|","|-heal|p1a: Swampert|189/401|[from] item: Leftovers","|upkeep","|turn|6","||adding 10 for new turn","|","|t:|1752962607","|move|p1a: Swampert|Earthquake|p2a: Snorlax","|-damage|p2a: Snorlax|334/484","|move|p2a: Snorlax|Body Slam|p1a: Swampert","|-damage|p1a: Swampert|43/401","|","|-heal|p1a: Swampert|68/401|[from] item: Leftovers","|-heal|p2a: Snorlax|364/484|[from] item: Leftovers","|upkeep","|turn|7","||adding 10 for new turn","|","|t:|1752962615","|move|p1a: Swampert|Hydro Pump|p2a: Snorlax","|-damage|p2a: Snorlax|171/484","|move|p2a: Snorlax|Body Slam|p1a: Swampert","|-damage|p1a: Swampert|0 fnt","|faint|p1a: Swampert","||adding 5 to each for mid turn request","|","|t:|1752962623","|switch|p1a: Zapdos|Zapdos|107/321","|-ability|p1a: Zapdos|Pressure|[silent]","|","|-heal|p1a: Zapdos|127/321|[from] item: Leftovers","|-heal|p2a: Snorlax|201/484|[from] item: Leftovers","|upkeep","|turn|8","||adding 10 for new turn","|","|t:|1752962631","|move|p1a: Zapdos|Thunderbolt|p2a: Snorlax","|-damage|p2a: Snorlax|61/484","|move|p2a: Snorlax|Body Slam|p1a: Zapdos","|-damage|p1a: Zapdos|0 fnt","|faint|p1a: Zapdos","||adding 5 to each for mid turn request","|","|t:|1752962638","|switch|p1a: Charizard|Charizard, M|297/297","|","|-heal|p2a: Snorlax|91/484|[from] item: Leftovers","|upkeep","|turn|9","||adding 10 for new turn","|","|t:|1752962646","|switch|p2a: Salamence|Salamence, F|331/331","|-ability|p2a: Salamence|Intimidate|boost","|-unboost|p1a: Charizard|atk|1","|move|p1a: Charizard|Fire Blast|p2a: Salamence","|-resisted|p2a: Salamence","|-damage|p2a: Salamence|218/331","|","|-heal|p2a: Salamence|238/331|[from] item: Leftovers","|upkeep","|turn|10","||adding 10 for new turn","|","|t:|1752962654","|move|p1a: Charizard|Fire Blast|p2a: Salamence","|-resisted|p2a: Salamence","|-damage|p2a: Salamence|130/331","|move|p2a: Salamence|Rock Slide|p1a: Charizard","|-supereffective|p1a: Charizard","|-damage|p1a: Charizard|0 fnt","|faint|p1a: Charizard","||adding 5 to each for mid turn request","|","|t:|1752962661","|switch|p1a: Celebi|Celebi|393/393","|","|-heal|p2a: Salamence|150/331|[from] item: Leftovers","|upkeep","|turn|11","||adding 10 for new turn","|","|t:|1752962669","|move|p1a: Celebi|Calm Mind|p1a: Celebi","|-boost|p1a: Celebi|spa|1","|-boost|p1a: Celebi|spd|1","|move|p2a: Salamence|Hidden Power|p1a: Celebi","|-supereffective|p1a: Celebi","|-damage|p1a: Celebi|132/393","|","|-heal|p1a: Celebi|156/393|[from] item: Leftovers","|-heal|p2a: Salamence|170/331|[from] item: Leftovers","|upkeep","|turn|12","||adding 10 for new turn","|","|t:|1752962677","|move|p1a: Celebi|Hidden Power|p2a: Salamence","|-supereffective|p2a: Salamence","|-damage|p2a: Salamence|0 fnt","|faint|p2a: Salamence","||adding 5 to each for mid turn request","|","|t:|1752962684","|switch|p2a: Metagross|Metagross|364/364","|","|-heal|p1a: Celebi|180/393|[from] item: Leftovers","|upkeep","|turn|13","||adding 10 for new turn","|","|t:|1752962691","|move|p1a: Celebi|Giga Drain|p2a: Metagross","|-resisted|p2a: Metagross","|-damage|p2a: Metagross|305/364","|-heal|p1a: Celebi|209/393|[from] drain|[of] p2a: Metagross","|move|p2a: Metagross|Meteor Mash|p1a: Celebi","|-damage|p1a: Celebi|44/393","|","|-heal|p1a: Celebi|68/393|[from] item: Leftovers","|-heal|p2a: Metagross|327/364|[from] item: Leftovers","|upkeep","|turn|14","||adding 10 for new turn","|","|t:|1752962699","|move|p1a: Celebi|Baton Pass|p1a: Celebi","||adding 5 to each for mid turn request","|","|t:|1752962706","|switch|p1a: Gengar|Gengar, F|263/263|[from] Baton Pass","|move|p2a: Metagross|Meteor Mash|p1a: Gengar|[miss]","|-miss|p2a: Metagross|p1a: Gengar","|","|-heal|p2a: Metagross|349/364|[from] item: Leftovers","|upkeep","|turn|15","||adding 10 for new turn","|","|t:|1752962714","|move|p1a: Gengar|Thunderbolt|p2a: Metagross","|-damage|p2a: Metagross|172/364","|move|p2a: Metagross|Meteor Mash|p1a: Gengar","|-damage|p1a: Gengar|52/263","|-boost|p2a: Metagross|atk|1","|","|-heal|p1a: Gengar|68/263|[from] item: Leftovers","|-heal|p2a: Metagross|194/364|[from] item: Leftovers","|upkeep","|turn|16","||adding 10 for new turn","|","|t:|1752962721","|move|p1a: Gengar|Ice Punch|p2a: Metagross","|-resisted|p2a: Metagross","|-damage|p2a: Metagross|131/364","|move|p2a: Metagross|Meteor Mash|p1a: Gengar","|-crit|p1a: Gengar","|-damage|p1a: Gengar|0 fnt","|faint|p1a: Gengar","||adding 5 to each for mid turn request","|","|t:|1752962728","|switch|p1a: Celebi|Celebi|68/393","|","|-heal|p1a: Celebi|92/393|[from] item: Leftovers","|-heal|p2a: Metagross|153/364|[from] item: Leftovers","|upkeep","|turn|17","||adding 10 for new turn","|","|t:|1752962734","|move|p1a: Celebi|Giga Drain|p2a: Metagross","|-resisted|p2a: Metagross","|-damage|p2a: Metagross|116/364","|-heal|p1a: Celebi|110/393|[from] drain|[of] p2a: Metagross","|move|p2a: Metagross|Explosion|p1a: Celebi","|-damage|p1a: Celebi|0 fnt","|faint|p2a: Metagross","|faint|p1a: Celebi","|","|win|foultestacceptor1",""],"p1rating":null,"p2rating":null,"endType":"normal","ladderError":true,"timestamp":"Sat Jul 19 2025 15:05:34 GMT-0700 (アメリカ太平洋夏時間)","roomid":"battle-gen3ou-995","format":"gen3ou"}