{"winner":"simb","seed":"sodium,2008431080cee80a702e265f30e9a749","turns":23,"p1":"sima","p2":"simb","p1team":[{"name":"Salamence","species":"Salamence","item":"Choice Band","ability":"Intimidate","moves":["Earthquake","Hidden Power Flying","Brick Break","Rock Slide"],"nature":"Adamant","evs":{"hp":120,"atk":252,"def":0,"spa":0,"spd":0,"spe":136},"gender":"M","ivs":{"hp":30,"atk":30,"def":30,"spa":30,"spd":30,"spe":31},"happiness":255,"hpType":"Flying","pokeball":"","gigantamax":false,"dynamaxLevel":10,"teraType":"","level":100},{"name":"Magneton","species":"Magneton","item":"Magnet","ability":"Magnet Pull","moves":["Thunderbolt","Toxic","Hidden Power Fire","Protect"],"nature":"Modest","evs":{"hp":4,"atk":0,"def":0,"spa":252,"spd":0,"spe":252},"gender":"N","ivs":{"hp":31,"atk":2,"def":31,"spa":30,"spd":31,"spe":30},"happiness":255,"hpType":"Fire","pokeball":"","gigantamax":false,"dynamaxLevel":10,"teraType":"","level":100},{"name":"Tyranitar","species":"Tyranitar","item":"Leftovers","ability":"Sand Stream","moves":["Crunch","Pursuit","Hidden Power Grass","Fire Blast"],"nature":"Modest","evs":{"hp":240,"atk":0,"def":0,"spa":188,"spd":48,"spe":32},"gender":"M","ivs":{"hp":31,"atk":2,"def":31,"spa":30,"spd":31,"spe":31},"happiness":255,"hpType":"Grass","pokeball":"","gigantamax":false,"dynamaxLevel":10,"teraType":"","level":100},{"name":"Blissey","species":"Blissey","item":"Leftovers","ability":"Natural Cure","moves":["Seismic Toss","Wish","Protect","Toxic"],"nature":"","evs":{"hp":4,"atk":0,"def":252,"spa":0,"spd":252,"spe":0},"gender":"F","ivs":{"hp":31,"atk":0,"def":31,"spa":31,"spd":31,"spe":31},"level":100},{"name":"Metagross","species":"Metagross","item":"Leftovers","ability":"Clear Body","moves":["Agility","Meteor Mash","Earthquake","Explosion"],"nature":"Adamant","evs":{"hp":168,"atk":252,"def":0,"spa":0,"spd":0,"spe":88},"gender":"N","level":100,"ivs":{"hp":31,"atk":31,"def":31,"spa":31,"spd":31,"spe":31}},{"name":"Swampert","species":"Swampert","item":"Leftovers","ability":"Torrent","moves":["Surf","Ice Beam","Protect","Toxic"],"nature":"Bold","evs":{"hp":252,"atk":0,"def":160,"spa":0,"spd":96,"spe":0},"gender":"M","ivs":{"hp":31,"atk":0,"def":31,"spa":31,"spd":31,"spe":31},"level":100}],"p2team":[{"name":"Salamence","species":"Salamence","item":"Choice Band","ability":"Intimidate","moves":["Earthquake","Hidden Power Flying","Brick Break","Rock Slide"],"nature":"Adamant","evs":{"hp":120,"atk":252,"def":0,"spa":0,"spd":0,"spe":136},"gender":"M","ivs":{"hp":30,"atk":30,"def":30,"spa":30,"spd":30,"spe":31},"happiness":255,"hpType":"Flying","pokeball":"","gigantamax":false,"dynamaxLevel":10,"teraType":"","level":100},{"name":"Magneton","species":"Magneton","item":"Magnet","ability":"Magnet Pull","moves":["Thunderbolt","Toxic","Hidden Power Fire","Protect"],"nature":"Modest","evs":{"hp":4,"atk":0,"def":0,"spa":252,"spd":0,"spe":252},"gender":"N","ivs":{"hp":31,"atk":2,"def":31,"spa":30,"spd":31,"spe":30},"happiness":255,"hpType":"Fire","pokeball":"","gigantamax":false,"dynamaxLevel":10,"teraType":"","level":100},{"name":"Tyranitar","species":"Tyranitar","item":"Leftovers","ability":"Sand Stream","moves":["Crunch","Pursuit","Hidden Power Grass","Fire Blast"],"nature":"Modest","evs":{"hp":240,"atk":0,"def":0,"spa":188,"spd":48,"spe":32},"gender":"F","ivs":{"hp":31,"atk":2,"def":31,"spa":30,"spd":31,"spe":31},"happiness":255,"hpType":"Grass","pokeball":"","gigantamax":false,"dynamaxLevel":10,"teraType":"","level":100},{"name":"Blissey","species":"Blissey","item":"Leftovers","ability":"Natural Cure","moves":["Seismic Toss","Wish","Protect","Toxic"],"nature":"","evs":{"hp":4,"atk":0,"def":252,"spa":0,"spd":252,"spe":0},"gender":"F","ivs":{"hp":31,"atk":0,"def":31,"spa":31,"spd":31,"spe":31},"level":100},{"name":"Metagross","species":"Metagross","item":"Leftovers","ability":"Clear Body","moves":["Agility","Meteor Mash","Earthquake","Explosion"],"nature":"Adamant","evs":{"hp":168,"atk":252,"def":0,"spa":0,"spd":0,"spe":88},"gender":"N","level":100,"ivs":{"hp":31,"atk":31,"def":31,"spa":31,"spd":31,"spe":31}},{"name":"Swampert","species":"Swampert","item":"Leftovers","ability":"Torrent","moves":["Surf","Ice Beam","Protect","Toxic"],"nature":"Bold","evs":{"hp":252,"atk":0,"def":160,"spa":0,"spd":96,"spe":0},"gender":"M","ivs":{"hp":31,"atk":0,"def":31,"spa":31,"spd":31,"spe":31},"level":100}],"score":[0,3],"inputLog":[">version 372d05e49c92a79eecdf6c8dddb208bd1765c00f",">start {\"formatid\":\"gen3ou\",\"seed\":\"sodium,2008431080cee80a702e265f30e9a749\"}",">player p1 {\"name\":\"sima\",\"avatar\":\"2\",\"team\":\"Salamence||ChoiceBand|Intimidate|Earthquake,HiddenPowerFlying,BrickBreak,RockSlide|Adamant|120,252,,,,136|M|30,30,30,30,30,|||,Flying,,,,]Magneton||Magnet|MagnetPull|Thunderbolt,Toxic,HiddenPowerFire,Protect|Modest|4,,,252,,252|N|,2,,30,,30|||,Fire,,,,]Tyranitar||Leftovers|SandStream|Crunch,Pursuit,HiddenPowerGrass,FireBlast|Modest|240,,,188,48,32|M|,2,,30,,|||,Grass,,,,]Blissey||Leftovers|NaturalCure|SeismicToss,Wish,Protect,Toxic||4,,252,,252,|F|,0,,,,|||]Metagross||Leftovers|ClearBody|Agility,MeteorMash,Earthquake,Explosion|Adamant|168,252,,,,88|N||||]Swampert||Leftovers|Torrent|Surf,IceBeam,Protect,Toxic|Bold|252,,160,,96,|M|,0,,,,|||\",\"rating\":0}",">player p2 {\"name\":\"simb\",\"avatar\":\"170\",\"team\":\"Salamence||ChoiceBand|Intimidate|Earthquake,HiddenPowerFlying,BrickBreak,RockSlide|Adamant|120,252,,,,136|M|30,30,30,30,30,|||,Flying,,,,]Magneton||Magnet|MagnetPull|Thunderbolt,Toxic,HiddenPowerFire,Protect|Modest|4,,,252,,252|N|,2,,30,,30|||,Fire,,,,]Tyranitar||Leftovers|SandStream|Crunch,Pursuit,HiddenPowerGrass,FireBlast|Modest|240,,,188,48,32|F|,2,,30,,|||,Grass,,,,]Blissey||Leftovers|NaturalCure|SeismicToss,Wish,Protect,Toxic||4,,252,,252,|F|,0,,,,|||]Metagross||Leftovers|ClearBody|Agility,MeteorMash,Earthquake,Explosion|Adamant|168,252,,,,88|N||||]Swampert||Leftovers|Torrent|Surf,IceBeam,Protect,Toxic|Bold|252,,160,,96,|M|,0,,,,|||\",\"rating\":0}",">p1 move earthquake",">p2 switch 5",">p1 move earthquake",">p2 move explosion",">p2 switch 5",">p1 move earthquake",">p2 move rockslide",">p1 move earthquake",">p2 switch 3",">p1 switch 2",">p1 move thunderbolt",">p2 move fireblast",">p1 switch 3",">p1 move crunch",">p2 switch 6",">p1 move crunch",">p2 move surf",">p1 move crunch",">p2 move surf",">p2 switch 2",">p1 move crunch",">p2 move thunderbolt",">p1 switch 4",">p1 move seismictoss",">p2 move toxic",">p1 move seismictoss",">p2 switch 3",">p1 move seismictoss",">p2 move rockslide",">p1 move seismictoss",">p2 move rockslide",">p1 switch 5",">p1 move agility",">p2 switch 6",">p1 move agility",">p2 move fireblast",">p1 move agility",">p2 move fireblast",">p1 switch 6",">p1 move surf",">p2 move crunch",">p2 switch 6",">p1 move surf",">p2 switch 3",">p1 move surf",">p2 switch 4",">p1 move surf",">p2 move toxic",">p1 move surf",">p2 move seismictoss",">p1 move surf",">p2 move seismictoss",">p1 move surf",">p2 move seismictoss"],"log":["|j|☆sima","|j|☆simb","|t:|1751003337","|gametype|singles","|player|p1|sima|2|","|player|p2|simb|170|","|teamsize|p1|6","|teamsize|p2|6","|gen|3","|tier|[Gen 3] OU","|rule|Sleep Clause Mod: Limit one foe put to sleep","|rule|Switch Priority Clause Mod: Faster Pokémon switch first","|rule|Species Clause: Limit one of each Pokémon","|rule|OHKO Clause: OHKO moves are banned","|rule|Evasion Items Clause: Evasion items are banned","|rule|Evasion Moves Clause: Evasion moves are banned","|rule|Endless Battle Clause: Forcing endless battles is banned","|rule|HP Percentage Mod: HP is shown in percentages","|rule|One Boost Passer Clause: Limit one Baton Passer that has a way to boost its stats","|rule|Freeze Clause Mod: Limit one foe frozen","|","|t:|1751003337","|start","|switch|p1a: Salamence|Salamence, M|360/360","|switch|p2a: Salamence|Salamence, M|360/360","|-ability|p2a: Salamence|Intimidate|boost","|-unboost|p1a: Salamence|atk|1","|-ability|p1a: Salamence|Intimidate|boost","|-unboost|p2a: Salamence|atk|1","|turn|1","|","|t:|1751003341","|switch|p2a: Metagross|Metagross|343/343","|move|p1a: Salamence|Earthquake|p2a: Metagross","|-supereffective|p2a: Metagross","|-damage|p2a: Metagross|142/343","|","|-heal|p2a: Metagross|163/343|[from] item: Leftovers","|upkeep","|turn|2","|","|t:|1751003345","|move|p1a: Salamence|Earthquake|p2a: Metagross","|-supereffective|p2a: Metagross","|-damage|p2a: Metagross|0 fnt","|faint|p2a: Metagross","|j| thecrusher677","|","|t:|1751003349","|switch|p2a: Salamence|Salamence, M|360/360","|-ability|p2a: Salamence|Intimidate|boost","|-unboost|p1a: Salamence|atk|1","|","|upkeep","|turn|3","|","|t:|1751003354","|move|p1a: Salamence|Earthquake|p2a: Salamence","|-immune|p2a: Salamence","|move|p2a: Salamence|Rock Slide|p1a: Salamence","|-supereffective|p1a: Salamence","|-damage|p1a: Salamence|14/360","|","|upkeep","|turn|4","|","|t:|1751003358","|switch|p2a: Tyranitar|Tyranitar, F|401/401","|-weather|Sandstorm|[from] ability: Sand Stream|[of] p2a: Tyranitar","|move|p1a: Salamence|Earthquake|p2a: Tyranitar","|-supereffective|p2a: Tyranitar","|-damage|p2a: Tyranitar|204/401","|","|-weather|Sandstorm|[upkeep]","|-damage|p1a: Salamence|0 fnt|[from] Sandstorm","|faint|p1a: Salamence","|-heal|p2a: Tyranitar|229/401|[from] item: Leftovers","|upkeep","|","|t:|1751003358","|switch|p1a: Magneton|Magneton|242/242","|turn|5","|","|t:|1751003362","|move|p1a: Magneton|Thunderbolt|p2a: Tyranitar","|-damage|p2a: Tyranitar|58/401","|move|p2a: Tyranitar|Fire Blast|p1a: Magneton","|-supereffective|p1a: Magneton","|-damage|p1a: Magneton|0 fnt","|faint|p1a: Magneton","|","|t:|1751003362","|switch|p1a: Tyranitar|Tyranitar, M|401/401","|","|-weather|Sandstorm|[upkeep]","|-heal|p2a: Tyranitar|83/401|[from] item: Leftovers","|upkeep","|turn|6","|","|t:|1751003366","|switch|p2a: Swampert|Swampert, M|404/404","|move|p1a: Tyranitar|Crunch|p2a: Swampert","|-damage|p2a: Swampert|294/404","|-unboost|p2a: Swampert|spd|1","|","|-weather|Sandstorm|[upkeep]","|-heal|p2a: Swampert|319/404|[from] item: Leftovers","|upkeep","|turn|7","|","|t:|1751003370","|move|p1a: Tyranitar|Crunch|p2a: Swampert","|-damage|p2a: Swampert|137/404","|move|p2a: Swampert|Surf|p1a: Tyranitar","|-supereffective|p1a: Tyranitar","|-damage|p1a: Tyranitar|228/401","|","|-weather|Sandstorm|[upkeep]","|-heal|p1a: Tyranitar|253/401|[from] item: Leftovers","|-heal|p2a: Swampert|162/404|[from] item: Leftovers","|upkeep","|turn|8","|","|t:|1751003375","|move|p1a: Tyranitar|Crunch|p2a: Swampert","|-damage|p2a: Swampert|0 fnt","|faint|p2a: Swampert","|","|t:|1751003379","|switch|p2a: Magneton|Magneton|242/242","|","|-weather|Sandstorm|[upkeep]","|-heal|p1a: Tyranitar|278/401|[from] item: Leftovers","|upkeep","|turn|9","|","|t:|1751003383","|move|p2a: Magneton|Thunderbolt|p1a: Tyranitar","|-crit|p1a: Tyranitar","|-damage|p1a: Tyranitar|0 fnt","|faint|p1a: Tyranitar","|","|t:|1751003383","|switch|p1a: Blissey|Blissey, F|652/652","|","|-weather|Sandstorm|[upkeep]","|-damage|p1a: Blissey|612/652|[from] Sandstorm","|-heal|p1a: Blissey|652/652|[from] item: Leftovers","|upkeep","|turn|10","|","|t:|1751003387","|move|p2a: Magneton|Toxic|p1a: Blissey","|-status|p1a: Blissey|tox","|move|p1a: Blissey|Seismic Toss|p2a: Magneton","|-damage|p2a: Magneton|142/242","|","|-weather|Sandstorm|[upkeep]","|-damage|p1a: Blissey|612/652 tox|[from] Sandstorm","|-heal|p1a: Blissey|652/652 tox|[from] item: Leftovers","|-damage|p1a: Blissey|612/652 tox|[from] psn","|upkeep","|turn|11","|","|t:|1751003391","|switch|p2a: Salamence|Salamence, M|360/360","|-ability|p2a: Salamence|Intimidate|boost","|-unboost|p1a: Blissey|atk|1","|move|p1a: Blissey|Seismic Toss|p2a: Salamence","|-damage|p2a: Salamence|260/360","|","|-weather|Sandstorm|[upkeep]","|-damage|p2a: Salamence|238/360|[from] Sandstorm","|-damage|p1a: Blissey|572/652 tox|[from] Sandstorm","|-heal|p1a: Blissey|612/652 tox|[from] item: Leftovers","|-damage|p1a: Blissey|532/652 tox|[from] psn","|upkeep","|turn|12","|","|t:|1751003396","|move|p2a: Salamence|Rock Slide|p1a: Blissey","|-damage|p1a: Blissey|233/652 tox","|cant|p1a: Blissey|flinch","|","|-weather|Sandstorm|[upkeep]","|-damage|p2a: Salamence|216/360|[from] Sandstorm","|-damage|p1a: Blissey|193/652 tox|[from] Sandstorm","|-heal|p1a: Blissey|233/652 tox|[from] item: Leftovers","|-damage|p1a: Blissey|113/652 tox|[from] psn","|upkeep","|turn|13","|","|t:|1751003400","|move|p2a: Salamence|Rock Slide|p1a: Blissey","|-damage|p1a: Blissey|0 fnt","|faint|p1a: Blissey","|","|t:|1751003400","|switch|p1a: Metagross|Metagross|343/343","|","|-weather|Sandstorm|[upkeep]","|-damage|p2a: Salamence|194/360|[from] Sandstorm","|upkeep","|turn|14","|","|t:|1751003404","|switch|p2a: Tyranitar|Tyranitar, F|83/401","|move|p1a: Metagross|Agility|p1a: Metagross","|-boost|p1a: Metagross|spe|2","|","|-weather|Sandstorm|[upkeep]","|-heal|p2a: Tyranitar|108/401|[from] item: Leftovers","|upkeep","|turn|15","|","|t:|1751003408","|move|p1a: Metagross|Agility|p1a: Metagross","|-boost|p1a: Metagross|spe|2","|move|p2a: Tyranitar|Fire Blast|p1a: Metagross|[miss]","|-miss|p2a: Tyranitar|p1a: Metagross","|","|-weather|Sandstorm|[upkeep]","|-heal|p2a: Tyranitar|133/401|[from] item: Leftovers","|upkeep","|turn|16","|","|t:|1751003412","|move|p1a: Metagross|Agility|p1a: Metagross","|-boost|p1a: Metagross|spe|2","|move|p2a: Tyranitar|Fire Blast|p1a: Metagross","|-supereffective|p1a: Metagross","|-crit|p1a: Metagross","|-damage|p1a: Metagross|0 fnt","|faint|p1a: Metagross","|","|t:|1751003412","|switch|p1a: Swampert|Swampert, M|404/404","|","|-weather|Sandstorm|[upkeep]","|-heal|p2a: Tyranitar|158/401|[from] item: Leftovers","|upkeep","|turn|17","|","|t:|1751003417","|move|p2a: Tyranitar|Crunch|p1a: Swampert","|-damage|p1a: Swampert|291/404","|move|p1a: Swampert|Surf|p2a: Tyranitar","|-supereffective|p2a: Tyranitar","|-damage|p2a: Tyranitar|0 fnt","|faint|p2a: Tyranitar","|","|t:|1751003421","|switch|p2a: Salamence|Salamence, M|194/360","|-ability|p2a: Salamence|Intimidate|boost","|-unboost|p1a: Swampert|atk|1","|","|-weather|Sandstorm|[upkeep]","|-damage|p2a: Salamence|172/360|[from] Sandstorm","|-heal|p1a: Swampert|316/404|[from] item: Leftovers","|upkeep","|turn|18","|","|t:|1751003425","|switch|p2a: Magneton|Magneton|142/242","|move|p1a: Swampert|Surf|p2a: Magneton","|-damage|p2a: Magneton|20/242","|","|-weather|Sandstorm|[upkeep]","|-heal|p1a: Swampert|341/404|[from] item: Leftovers","|upkeep","|turn|19","|","|t:|1751003429","|switch|p2a: Blissey|Blissey, F|652/652","|move|p1a: Swampert|Surf|p2a: Blissey","|-damage|p2a: Blissey|588/652","|","|-weather|Sandstorm|[upkeep]","|-damage|p2a: Blissey|548/652|[from] Sandstorm","|-heal|p1a: Swampert|366/404|[from] item: Leftovers","|-heal|p2a: Blissey|588/652|[from] item: Leftovers","|upkeep","|turn|20","|","|t:|1751003433","|move|p1a: Swampert|Surf|p2a: Blissey","|-damage|p2a: Blissey|522/652","|move|p2a: Blissey|Toxic|p1a: Swampert","|-status|p1a: Swampert|tox","|","|-weather|Sandstorm|[upkeep]","|-damage|p2a: Blissey|482/652|[from] Sandstorm","|-heal|p1a: Swampert|391/404 tox|[from] item: Leftovers","|-damage|p1a: Swampert|366/404 tox|[from] psn","|-heal|p2a: Blissey|522/652|[from] item: Leftovers","|upkeep","|turn|21","|","|t:|1751003437","|move|p1a: Swampert|Surf|p2a: Blissey","|-damage|p2a: Blissey|462/652","|move|p2a: Blissey|Seismic Toss|p1a: Swampert","|-damage|p1a: Swampert|266/404 tox","|","|-weather|Sandstorm|[upkeep]","|-damage|p2a: Blissey|422/652|[from] Sandstorm","|-heal|p1a: Swampert|291/404 tox|[from] item: Leftovers","|-damage|p1a: Swampert|241/404 tox|[from] psn","|-heal|p2a: Blissey|462/652|[from] item: Leftovers","|upkeep","|turn|22","|","|t:|1751003441","|move|p1a: Swampert|Surf|p2a: Blissey","|-damage|p2a: Blissey|401/652","|move|p2a: Blissey|Seismic Toss|p1a: Swampert","|-damage|p1a: Swampert|141/404 tox","|","|-weather|Sandstorm|[upkeep]","|-damage|p2a: Blissey|361/652|[from] Sandstorm","|-heal|p1a: Swampert|166/404 tox|[from] item: Leftovers","|-damage|p1a: Swampert|91/404 tox|[from] psn","|-heal|p2a: Blissey|401/652|[from] item: Leftovers","|upkeep","|turn|23","|","|t:|1751003446","|move|p1a: Swampert|Surf|p2a: Blissey","|-damage|p2a: Blissey|313/652","|move|p2a: Blissey|Seismic Toss|p1a: Swampert","|-damage|p1a: Swampert|0 fnt","|faint|p1a: Swampert","|","|win|simb",""],"p1rating":null,"p2rating":null,"endType":"normal","ladderError":true,"timestamp":"Thu Jun 26 2025 22:50:46 GMT-0700 (アメリカ太平洋夏時間)","roomid":"battle-gen3ou-667","format":"gen3ou"}