{"winner":"thecrusher677","seed":"sodium,d37cba09306b824d109c7bf677658c9c","turns":22,"p1":"thecrusher677","p2":"simb","p1team":[{"name":"Magneton","species":"Magneton","item":"Magnet","ability":"Magnet Pull","moves":["Thunderbolt","Toxic","Hidden Power Fire","Protect"],"nature":"Modest","evs":{"hp":4,"atk":0,"def":0,"spa":252,"spd":0,"spe":252},"gender":"N","ivs":{"hp":31,"atk":2,"def":31,"spa":30,"spd":31,"spe":30},"happiness":255,"hpType":"Fire","pokeball":"","gigantamax":false,"dynamaxLevel":10,"teraType":"","level":100},{"name":"Salamence","species":"Salamence","item":"Choice Band","ability":"Intimidate","moves":["Earthquake","Hidden Power Flying","Brick Break","Rock Slide"],"nature":"Adamant","evs":{"hp":120,"atk":252,"def":0,"spa":0,"spd":0,"spe":136},"gender":"M","ivs":{"hp":30,"atk":30,"def":30,"spa":30,"spd":30,"spe":31},"happiness":255,"hpType":"Flying","pokeball":"","gigantamax":false,"dynamaxLevel":10,"teraType":"","level":100},{"name":"Tyranitar","species":"Tyranitar","item":"Leftovers","ability":"Sand Stream","moves":["Crunch","Pursuit","Hidden Power Grass","Fire Blast"],"nature":"Modest","evs":{"hp":240,"atk":0,"def":0,"spa":188,"spd":48,"spe":32},"gender":"M","ivs":{"hp":31,"atk":2,"def":31,"spa":30,"spd":31,"spe":31},"happiness":255,"hpType":"Grass","pokeball":"","gigantamax":false,"dynamaxLevel":10,"teraType":"","level":100},{"name":"Blissey","species":"Blissey","item":"Leftovers","ability":"Natural Cure","moves":["Seismic Toss","Wish","Protect","Toxic"],"nature":"","evs":{"hp":4,"atk":0,"def":252,"spa":0,"spd":252,"spe":0},"gender":"F","ivs":{"hp":31,"atk":0,"def":31,"spa":31,"spd":31,"spe":31},"level":100},{"name":"Metagross","species":"Metagross","item":"Leftovers","ability":"Clear Body","moves":["Agility","Meteor Mash","Earthquake","Explosion"],"nature":"Adamant","evs":{"hp":168,"atk":252,"def":0,"spa":0,"spd":0,"spe":88},"gender":"N","level":100,"ivs":{"hp":31,"atk":31,"def":31,"spa":31,"spd":31,"spe":31}},{"name":"Swampert","species":"Swampert","item":"Leftovers","ability":"Torrent","moves":["Surf","Ice Beam","Protect","Toxic"],"nature":"Bold","evs":{"hp":252,"atk":0,"def":160,"spa":0,"spd":96,"spe":0},"gender":"F","ivs":{"hp":31,"atk":0,"def":31,"spa":31,"spd":31,"spe":31},"level":100}],"p2team":[{"name":"Salamence","species":"Salamence","item":"Choice Band","ability":"Intimidate","moves":["Earthquake","Hidden Power Flying","Brick Break","Rock Slide"],"nature":"Adamant","evs":{"hp":120,"atk":252,"def":0,"spa":0,"spd":0,"spe":136},"gender":"F","ivs":{"hp":30,"atk":30,"def":30,"spa":30,"spd":30,"spe":31},"happiness":255,"hpType":"Flying","pokeball":"","gigantamax":false,"dynamaxLevel":10,"teraType":"","level":100},{"name":"Magneton","species":"Magneton","item":"Magnet","ability":"Magnet Pull","moves":["Thunderbolt","Toxic","Hidden Power Fire","Protect"],"nature":"Modest","evs":{"hp":4,"atk":0,"def":0,"spa":252,"spd":0,"spe":252},"gender":"N","ivs":{"hp":31,"atk":2,"def":31,"spa":30,"spd":31,"spe":30},"happiness":255,"hpType":"Fire","pokeball":"","gigantamax":false,"dynamaxLevel":10,"teraType":"","level":100},{"name":"Tyranitar","species":"Tyranitar","item":"Leftovers","ability":"Sand Stream","moves":["Crunch","Pursuit","Hidden Power Grass","Fire Blast"],"nature":"Modest","evs":{"hp":240,"atk":0,"def":0,"spa":188,"spd":48,"spe":32},"gender":"F","ivs":{"hp":31,"atk":2,"def":31,"spa":30,"spd":31,"spe":31},"happiness":255,"hpType":"Grass","pokeball":"","gigantamax":false,"dynamaxLevel":10,"teraType":"","level":100},{"name":"Blissey","species":"Blissey","item":"Leftovers","ability":"Natural Cure","moves":["Seismic Toss","Wish","Protect","Toxic"],"nature":"","evs":{"hp":4,"atk":0,"def":252,"spa":0,"spd":252,"spe":0},"gender":"F","ivs":{"hp":31,"atk":0,"def":31,"spa":31,"spd":31,"spe":31},"level":100},{"name":"Metagross","species":"Metagross","item":"Leftovers","ability":"Clear Body","moves":["Agility","Meteor Mash","Earthquake","Explosion"],"nature":"Adamant","evs":{"hp":168,"atk":252,"def":0,"spa":0,"spd":0,"spe":88},"gender":"N","level":100,"ivs":{"hp":31,"atk":31,"def":31,"spa":31,"spd":31,"spe":31}},{"name":"Swampert","species":"Swampert","item":"Leftovers","ability":"Torrent","moves":["Surf","Ice Beam","Protect","Toxic"],"nature":"Bold","evs":{"hp":252,"atk":0,"def":160,"spa":0,"spd":96,"spe":0},"gender":"M","ivs":{"hp":31,"atk":0,"def":31,"spa":31,"spd":31,"spe":31},"level":100}],"score":[4,0],"inputLog":[">version 372d05e49c92a79eecdf6c8dddb208bd1765c00f",">start {\"formatid\":\"gen3ou\",\"seed\":\"sodium,d37cba09306b824d109c7bf677658c9c\"}",">player p1 {\"name\":\"thecrusher677\",\"avatar\":\"266\",\"team\":\"Magneton||Magnet|MagnetPull|Thunderbolt,Toxic,HiddenPowerFire,Protect|Modest|4,,,252,,252|N|,2,,30,,30|||,Fire,,,,]Salamence||ChoiceBand|Intimidate|Earthquake,HiddenPowerFlying,BrickBreak,RockSlide|Adamant|120,252,,,,136|M|30,30,30,30,30,|||,Flying,,,,]Tyranitar||Leftovers|SandStream|Crunch,Pursuit,HiddenPowerGrass,FireBlast|Modest|240,,,188,48,32|M|,2,,30,,|||,Grass,,,,]Blissey||Leftovers|NaturalCure|SeismicToss,Wish,Protect,Toxic||4,,252,,252,|F|,0,,,,|||]Metagross||Leftovers|ClearBody|Agility,MeteorMash,Earthquake,Explosion|Adamant|168,252,,,,88|N||||]Swampert||Leftovers|Torrent|Surf,IceBeam,Protect,Toxic|Bold|252,,160,,96,|F|,0,,,,|||\",\"rating\":0}",">player p2 {\"name\":\"simb\",\"avatar\":\"170\",\"team\":\"Salamence||ChoiceBand|Intimidate|Earthquake,HiddenPowerFlying,BrickBreak,RockSlide|Adamant|120,252,,,,136|F|30,30,30,30,30,|||,Flying,,,,]Magneton||Magnet|MagnetPull|Thunderbolt,Toxic,HiddenPowerFire,Protect|Modest|4,,,252,,252|N|,2,,30,,30|||,Fire,,,,]Tyranitar||Leftovers|SandStream|Crunch,Pursuit,HiddenPowerGrass,FireBlast|Modest|240,,,188,48,32|F|,2,,30,,|||,Grass,,,,]Blissey||Leftovers|NaturalCure|SeismicToss,Wish,Protect,Toxic||4,,252,,252,|F|,0,,,,|||]Metagross||Leftovers|ClearBody|Agility,MeteorMash,Earthquake,Explosion|Adamant|168,252,,,,88|N||||]Swampert||Leftovers|Torrent|Surf,IceBeam,Protect,Toxic|Bold|252,,160,,96,|M|,0,,,,|||\",\"rating\":0}",">p1 move protect",">p2 move earthquake",">p1 switch 2",">p2 move earthquake",">p1 move rockslide",">p2 move earthquake",">p2 switch 5",">p1 move rockslide",">p2 move meteormash",">p1 switch 6",">p2 move meteormash",">p1 move surf",">p2 move meteormash",">p1 move surf",">p2 switch 4",">p1 move toxic",">p2 move seismictoss",">p1 move protect",">p2 move toxic",">p1 switch 5",">p2 move toxic",">p1 move agility",">p2 move toxic",">p1 move meteormash",">p2 move wish",">p2 switch 2",">p1 move earthquake",">p2 move thunderbolt",">p2 switch 6",">p1 move meteormash",">p2 move surf",">p1 move meteormash",">p2 move surf",">p1 move earthquake",">p2 move surf",">p1 move explosion",">p2 move protect",">p1 switch 3",">p1 move hiddenpower",">p2 move toxic",">p2 switch 4",">p1 move fireblast",">p2 move earthquake",">p1 switch 6",">p1 move earthquake",">p2 move meteormash",">p2 switch 3",">p1 move earthquake",">p2 move fireblast",">p1 move earthquake",">p2 move fireblast"],"log":["|j|☆thecrusher677","|j|☆simb","|t:|1751500073","|gametype|singles","|player|p1|thecrusher677|266|","|player|p2|simb|170|","|teamsize|p1|6","|teamsize|p2|6","|gen|3","|tier|[Gen 3] OU","|rule|Sleep Clause Mod: Limit one foe put to sleep","|rule|Switch Priority Clause Mod: Faster Pokémon switch first","|rule|Species Clause: Limit one of each Pokémon","|rule|OHKO Clause: OHKO moves are banned","|rule|Evasion Items Clause: Evasion items are banned","|rule|Evasion Moves Clause: Evasion moves are banned","|rule|Endless Battle Clause: Forcing endless battles is banned","|rule|HP Percentage Mod: HP is shown in percentages","|rule|One Boost Passer Clause: Limit one Baton Passer that has a way to boost its stats","|rule|Freeze Clause Mod: Limit one foe frozen","|","|t:|1751500073","|start","|switch|p1a: Magneton|Magneton|242/242","|switch|p2a: Salamence|Salamence, F|360/360","|-ability|p2a: Salamence|Intimidate|boost","|-unboost|p1a: Magneton|atk|1","|turn|1","|","|t:|1751500421","|move|p1a: Magneton|Protect|p1a: Magneton","|-singleturn|p1a: Magneton|Protect","|move|p2a: Salamence|Earthquake|p1a: Magneton","|-activate|p1a: Magneton|Protect","|","|upkeep","|turn|2","|","|t:|1751500476","|switch|p1a: Salamence|Salamence, M|360/360","|-ability|p1a: Salamence|Intimidate|boost","|-unboost|p2a: Salamence|atk|1","|move|p2a: Salamence|Earthquake|p1a: Salamence","|-immune|p1a: Salamence","|","|upkeep","|turn|3","|","|t:|1751500508","|move|p1a: Salamence|Rock Slide|p2a: Salamence","|-supereffective|p2a: Salamence","|-damage|p2a: Salamence|0 fnt","|faint|p2a: Salamence","|","|t:|1751500513","|switch|p2a: Metagross|Metagross|343/343","|","|upkeep","|turn|4","|","|t:|1751500720","|move|p1a: Salamence|Rock Slide|p2a: Metagross","|-resisted|p2a: Metagross","|-damage|p2a: Metagross|279/343","|move|p2a: Metagross|Meteor Mash|p1a: Salamence","|-damage|p1a: Salamence|136/360","|","|-heal|p2a: Metagross|300/343|[from] item: Leftovers","|upkeep","|turn|5","|","|t:|1751500777","|switch|p1a: Swampert|Swampert, F|404/404","|move|p2a: Metagross|Meteor Mash|p1a: Swampert","|-resisted|p1a: Swampert","|-damage|p1a: Swampert|324/404","|","|-heal|p2a: Metagross|321/343|[from] item: Leftovers","|-heal|p1a: Swampert|349/404|[from] item: Leftovers","|upkeep","|turn|6","|","|t:|1751500819","|move|p2a: Metagross|Meteor Mash|p1a: Swampert","|-resisted|p1a: Swampert","|-damage|p1a: Swampert|264/404","|move|p1a: Swampert|Surf|p2a: Metagross","|-damage|p2a: Metagross|209/343","|","|-heal|p2a: Metagross|230/343|[from] item: Leftovers","|-heal|p1a: Swampert|289/404|[from] item: Leftovers","|upkeep","|turn|7","|","|t:|1751500848","|switch|p2a: Blissey|Blissey, F|652/652","|move|p1a: Swampert|Surf|p2a: Blissey","|-damage|p2a: Blissey|592/652","|","|-heal|p1a: Swampert|314/404|[from] item: Leftovers","|-heal|p2a: Blissey|632/652|[from] item: Leftovers","|upkeep","|turn|8","|","|t:|1751500859","|move|p1a: Swampert|Toxic|p2a: Blissey","|-status|p2a: Blissey|tox","|move|p2a: Blissey|Seismic Toss|p1a: Swampert","|-damage|p1a: Swampert|214/404","|","|-heal|p1a: Swampert|239/404|[from] item: Leftovers","|-heal|p2a: Blissey|652/652 tox|[from] item: Leftovers","|-damage|p2a: Blissey|612/652 tox|[from] psn","|upkeep","|turn|9","|","|t:|1751500864","|move|p1a: Swampert|Protect|p1a: Swampert","|-singleturn|p1a: Swampert|Protect","|move|p2a: Blissey|Toxic|p1a: Swampert","|-activate|p1a: Swampert|Protect","|","|-heal|p1a: Swampert|264/404|[from] item: Leftovers","|-heal|p2a: Blissey|652/652 tox|[from] item: Leftovers","|-damage|p2a: Blissey|572/652 tox|[from] psn","|upkeep","|turn|10","|","|t:|1751500874","|switch|p1a: Metagross|Metagross|343/343","|move|p2a: Blissey|Toxic|p1a: Metagross","|-immune|p1a: Metagross","|","|-heal|p2a: Blissey|612/652 tox|[from] item: Leftovers","|-damage|p2a: Blissey|492/652 tox|[from] psn","|upkeep","|turn|11","|","|t:|1751500881","|move|p1a: Metagross|Agility|p1a: Metagross","|-boost|p1a: Metagross|spe|2","|move|p2a: Blissey|Toxic|p1a: Metagross","|-immune|p1a: Metagross","|","|-heal|p2a: Blissey|532/652 tox|[from] item: Leftovers","|-damage|p2a: Blissey|372/652 tox|[from] psn","|upkeep","|turn|12","|","|t:|1751500888","|move|p1a: Metagross|Meteor Mash|p2a: Blissey","|-damage|p2a: Blissey|0 fnt","|faint|p2a: Blissey","|","|t:|1751500892","|switch|p2a: Magneton|Magneton|242/242","|","|upkeep","|turn|13","|","|t:|1751500897","|move|p1a: Metagross|Earthquake|p2a: Magneton","|-supereffective|p2a: Magneton","|-damage|p2a: Magneton|0 fnt","|faint|p2a: Magneton","|","|t:|1751500901","|switch|p2a: Swampert|Swampert, M|404/404","|","|upkeep","|turn|14","|","|t:|1751500922","|move|p1a: Metagross|Meteor Mash|p2a: Swampert","|-resisted|p2a: Swampert","|-damage|p2a: Swampert|319/404","|move|p2a: Swampert|Surf|p1a: Metagross","|-damage|p1a: Metagross|242/343","|","|-heal|p1a: Metagross|263/343|[from] item: Leftovers","|-heal|p2a: Swampert|344/404|[from] item: Leftovers","|upkeep","|turn|15","|","|t:|1751500927","|move|p1a: Metagross|Meteor Mash|p2a: Swampert","|-resisted|p2a: Swampert","|-damage|p2a: Swampert|266/404","|move|p2a: Swampert|Surf|p1a: Metagross","|-damage|p1a: Metagross|149/343","|","|-heal|p1a: Metagross|170/343|[from] item: Leftovers","|-heal|p2a: Swampert|291/404|[from] item: Leftovers","|upkeep","|turn|16","|","|t:|1751500936","|move|p1a: Metagross|Earthquake|p2a: Swampert","|-damage|p2a: Swampert|183/404","|move|p2a: Swampert|Surf|p1a: Metagross","|-damage|p1a: Metagross|57/343","|","|-heal|p1a: Metagross|78/343|[from] item: Leftovers","|-heal|p2a: Swampert|208/404|[from] item: Leftovers","|upkeep","|turn|17","|","|t:|1751500940","|move|p2a: Swampert|Protect|p2a: Swampert","|-singleturn|p2a: Swampert|Protect","|move|p1a: Metagross|Explosion|p2a: Swampert","|-activate|p2a: Swampert|Protect","|faint|p1a: Metagross","|","|t:|1751500949","|switch|p1a: Tyranitar|Tyranitar, M|401/401","|-weather|Sandstorm|[from] ability: Sand Stream|[of] p1a: Tyranitar","|","|-weather|Sandstorm|[upkeep]","|-heal|p2a: Swampert|233/404|[from] item: Leftovers","|upkeep","|turn|18","|","|t:|1751500953","|move|p1a: Tyranitar|Hidden Power|p2a: Swampert","|-supereffective|p2a: Swampert","|-damage|p2a: Swampert|0 fnt","|faint|p2a: Swampert","|","|t:|1751500958","|switch|p2a: Metagross|Metagross|230/343","|","|-weather|Sandstorm|[upkeep]","|-heal|p2a: Metagross|251/343|[from] item: Leftovers","|upkeep","|turn|19","|","|t:|1751501002","|move|p2a: Metagross|Earthquake|p1a: Tyranitar","|-supereffective|p1a: Tyranitar","|-crit|p1a: Tyranitar","|-damage|p1a: Tyranitar|0 fnt","|faint|p1a: Tyranitar","|","|t:|1751501006","|switch|p1a: Salamence|Salamence, M|136/360","|-ability|p1a: Salamence|Intimidate|boost","|-fail|p2a: Metagross|unboost|[from] ability: Clear Body|[of] p2a: Metagross","|","|-weather|Sandstorm|[upkeep]","|-damage|p1a: Salamence|114/360|[from] Sandstorm","|-heal|p2a: Metagross|272/343|[from] item: Leftovers","|upkeep","|turn|20","|","|t:|1751501011","|move|p1a: Salamence|Earthquake|p2a: Metagross","|-supereffective|p2a: Metagross","|-damage|p2a: Metagross|0 fnt","|faint|p2a: Metagross","|","|t:|1751501015","|switch|p2a: Tyranitar|Tyranitar, F|401/401","|","|-weather|Sandstorm|[upkeep]","|-damage|p1a: Salamence|92/360|[from] Sandstorm","|upkeep","|turn|21","|","|t:|1751501020","|move|p1a: Salamence|Earthquake|p2a: Tyranitar","|-supereffective|p2a: Tyranitar","|-damage|p2a: Tyranitar|45/401","|move|p2a: Tyranitar|Fire Blast|p1a: Salamence","|-resisted|p1a: Salamence","|-damage|p1a: Salamence|23/360","|","|-weather|Sandstorm|[upkeep]","|-damage|p1a: Salamence|1/360|[from] Sandstorm","|-heal|p2a: Tyranitar|70/401|[from] item: Leftovers","|upkeep","|turn|22","|","|t:|1751501024","|move|p1a: Salamence|Earthquake|p2a: Tyranitar","|-supereffective|p2a: Tyranitar","|-damage|p2a: Tyranitar|0 fnt","|faint|p2a: Tyranitar","|","|win|thecrusher677",""],"p1rating":null,"p2rating":null,"endType":"normal","ladderError":true,"timestamp":"Wed Jul 02 2025 17:03:44 GMT-0700 (アメリカ太平洋夏時間)","roomid":"battle-gen3ou-691","format":"gen3ou"}