{"winner":"thecrusher677","seed":"sodium,3a5c11b8cc40b0cd47b4a9aaed937c56","turns":29,"p1":"thecrusher677","p2":"simb","p1team":[{"name":"Medicham","species":"Medicham","item":"Salac Berry","ability":"Pure Power","moves":["Brick Break","Focus Punch","Rock Slide","Shadow Ball"],"nature":"Jolly","evs":{"hp":4,"atk":252,"def":0,"spa":0,"spd":0,"spe":252},"gender":"F","level":100,"ivs":{"hp":31,"atk":31,"def":31,"spa":31,"spd":31,"spe":31}},{"name":"Magneton","species":"Magneton","item":"Magnet","ability":"Magnet Pull","moves":["Thunderbolt","Hidden Power Fire","Toxic","Rain Dance"],"nature":"Modest","evs":{"hp":4,"atk":0,"def":0,"spa":252,"spd":0,"spe":252},"gender":"N","ivs":{"hp":31,"atk":2,"def":31,"spa":30,"spd":31,"spe":30},"happiness":255,"hpType":"Fire","pokeball":"","gigantamax":false,"dynamaxLevel":10,"teraType":"","level":100},{"name":"Snorlax","species":"Snorlax","item":"Leftovers","ability":"Immunity","moves":["Self-Destruct","Body Slam","Shadow Ball","Earthquake"],"nature":"Adamant","evs":{"hp":92,"atk":116,"def":144,"spa":0,"spd":144,"spe":12},"gender":"F","level":100,"ivs":{"hp":31,"atk":31,"def":31,"spa":31,"spd":31,"spe":31}},{"name":"Suicune","species":"Suicune","item":"Leftovers","ability":"Pressure","moves":["Calm Mind","Surf","Rest","Ice Beam"],"nature":"Calm","evs":{"hp":252,"atk":0,"def":0,"spa":180,"spd":68,"spe":8},"gender":"N","ivs":{"hp":31,"atk":0,"def":31,"spa":31,"spd":31,"spe":31},"level":100},{"name":"Salamence","species":"Salamence","item":"Leftovers","ability":"Intimidate","moves":["Dragon Dance","Hidden Power Flying","Rock Slide","Earthquake"],"nature":"Adamant","evs":{"hp":0,"atk":156,"def":0,"spa":0,"spd":140,"spe":212},"gender":"M","ivs":{"hp":31,"atk":31,"def":31,"spa":30,"spd":30,"spe":30},"happiness":255,"hpType":"Flying","pokeball":"","gigantamax":false,"dynamaxLevel":10,"teraType":"","level":100},{"name":"Metagross","species":"Metagross","item":"Leftovers","ability":"Clear Body","moves":["Agility","Meteor Mash","Earthquake","Explosion"],"nature":"Adamant","evs":{"hp":252,"atk":144,"def":24,"spa":0,"spd":0,"spe":88},"gender":"N","level":100,"ivs":{"hp":31,"atk":31,"def":31,"spa":31,"spd":31,"spe":31}}],"p2team":[{"name":"Salamence","species":"Salamence","item":"Choice Band","ability":"Intimidate","moves":["Earthquake","Hidden Power Flying","Brick Break","Rock Slide"],"nature":"Adamant","evs":{"hp":120,"atk":252,"def":0,"spa":0,"spd":0,"spe":136},"gender":"F","ivs":{"hp":30,"atk":30,"def":30,"spa":30,"spd":30,"spe":31},"happiness":255,"hpType":"Flying","pokeball":"","gigantamax":false,"dynamaxLevel":10,"teraType":"","level":100},{"name":"Magneton","species":"Magneton","item":"Magnet","ability":"Magnet Pull","moves":["Thunderbolt","Toxic","Hidden Power Fire","Protect"],"nature":"Modest","evs":{"hp":4,"atk":0,"def":0,"spa":252,"spd":0,"spe":252},"gender":"N","ivs":{"hp":31,"atk":2,"def":31,"spa":30,"spd":31,"spe":30},"happiness":255,"hpType":"Fire","pokeball":"","gigantamax":false,"dynamaxLevel":10,"teraType":"","level":100},{"name":"Tyranitar","species":"Tyranitar","item":"Leftovers","ability":"Sand Stream","moves":["Crunch","Pursuit","Hidden Power Grass","Fire Blast"],"nature":"Modest","evs":{"hp":240,"atk":0,"def":0,"spa":188,"spd":48,"spe":32},"gender":"M","ivs":{"hp":31,"atk":2,"def":31,"spa":30,"spd":31,"spe":31},"happiness":255,"hpType":"Grass","pokeball":"","gigantamax":false,"dynamaxLevel":10,"teraType":"","level":100},{"name":"Blissey","species":"Blissey","item":"Leftovers","ability":"Natural Cure","moves":["Seismic Toss","Wish","Protect","Toxic"],"nature":"","evs":{"hp":4,"atk":0,"def":252,"spa":0,"spd":252,"spe":0},"gender":"F","ivs":{"hp":31,"atk":0,"def":31,"spa":31,"spd":31,"spe":31},"level":100},{"name":"Metagross","species":"Metagross","item":"Leftovers","ability":"Clear Body","moves":["Agility","Meteor Mash","Earthquake","Explosion"],"nature":"Adamant","evs":{"hp":168,"atk":252,"def":0,"spa":0,"spd":0,"spe":88},"gender":"N","level":100,"ivs":{"hp":31,"atk":31,"def":31,"spa":31,"spd":31,"spe":31}},{"name":"Swampert","species":"Swampert","item":"Leftovers","ability":"Torrent","moves":["Surf","Ice Beam","Protect","Toxic"],"nature":"Bold","evs":{"hp":252,"atk":0,"def":160,"spa":0,"spd":96,"spe":0},"gender":"M","ivs":{"hp":31,"atk":0,"def":31,"spa":31,"spd":31,"spe":31},"level":100}],"score":[2,0],"inputLog":[">version 372d05e49c92a79eecdf6c8dddb208bd1765c00f",">start {\"formatid\":\"gen3ou\",\"seed\":\"sodium,3a5c11b8cc40b0cd47b4a9aaed937c56\"}",">player p1 {\"name\":\"thecrusher677\",\"avatar\":\"2\",\"team\":\"Medicham||SalacBerry|PurePower|BrickBreak,FocusPunch,RockSlide,ShadowBall|Jolly|4,252,,,,252|F||||]Magneton||Magnet|MagnetPull|Thunderbolt,HiddenPowerFire,Toxic,RainDance|Modest|4,,,252,,252|N|,2,,30,,30|||,Fire,,,,]Snorlax||Leftovers|Immunity|SelfDestruct,BodySlam,ShadowBall,Earthquake|Adamant|92,116,144,,144,12|F||||]Suicune||Leftovers|Pressure|CalmMind,Surf,Rest,IceBeam|Calm|252,,,180,68,8|N|,0,,,,|||]Salamence||Leftovers|Intimidate|DragonDance,HiddenPowerFlying,RockSlide,Earthquake|Adamant|,156,,,140,212|M|,,,30,30,30|||,Flying,,,,]Metagross||Leftovers|ClearBody|Agility,MeteorMash,Earthquake,Explosion|Adamant|252,144,24,,,88|N||||\",\"rating\":0}",">player p2 {\"name\":\"simb\",\"avatar\":\"101\",\"team\":\"Salamence||ChoiceBand|Intimidate|Earthquake,HiddenPowerFlying,BrickBreak,RockSlide|Adamant|120,252,,,,136|F|30,30,30,30,30,|||,Flying,,,,]Magneton||Magnet|MagnetPull|Thunderbolt,Toxic,HiddenPowerFire,Protect|Modest|4,,,252,,252|N|,2,,30,,30|||,Fire,,,,]Tyranitar||Leftovers|SandStream|Crunch,Pursuit,HiddenPowerGrass,FireBlast|Modest|240,,,188,48,32|M|,2,,30,,|||,Grass,,,,]Blissey||Leftovers|NaturalCure|SeismicToss,Wish,Protect,Toxic||4,,252,,252,|F|,0,,,,|||]Metagross||Leftovers|ClearBody|Agility,MeteorMash,Earthquake,Explosion|Adamant|168,252,,,,88|N||||]Swampert||Leftovers|Torrent|Surf,IceBeam,Protect,Toxic|Bold|252,,160,,96,|M|,0,,,,|||\",\"rating\":0}",">p1 switch 4",">p2 switch 5",">p1 move calmmind",">p2 move earthquake",">p1 move rest",">p2 move earthquake",">p1 move surf",">p2 move explosion",">p1 switch 6",">p2 switch 5",">p1 move meteormash",">p2 move earthquake",">p1 switch 5",">p2 move earthquake",">p1 move earthquake",">p2 move earthquake",">p1 move earthquake",">p2 move earthquake",">p1 move earthquake",">p2 move earthquake",">p1 switch 3",">p2 move earthquake",">p1 switch 3",">p2 move earthquake",">p1 move dragondance",">p2 move earthquake",">p1 move dragondance",">p2 switch 6",">p1 switch 5",">p2 move icebeam",">p1 move explosion",">p2 move surf",">p1 switch 2",">p2 switch 6",">p1 move thunderbolt",">p2 move earthquake",">p1 switch 5",">p1 move dragondance",">p2 move earthquake",">p1 move dragondance",">p2 move earthquake",">p1 move dragondance",">p2 switch 4",">p1 move hiddenpower",">p2 switch 4",">p2 switch 4",">p1 move hiddenpower",">p2 move toxic",">p1 move hiddenpower",">p2 move protect",">p1 move hiddenpower",">p2 move protect",">p1 move hiddenpower",">p2 move protect",">p1 move hiddenpower",">p2 move protect",">p2 switch 2",">p1 move earthquake",">p2 move protect",">p1 move earthquake",">p2 move protect",">p1 switch 4",">p1 move brickbreak",">p2 move thunderbolt",">p2 switch 3",">p1 move brickbreak",">p2 move crunch"],"log":["|j|☆thecrusher677","|j|☆simb","|t:|1750828912","|gametype|singles","|player|p1|thecrusher677|2|","|player|p2|simb|101|","|teamsize|p1|6","|teamsize|p2|6","|gen|3","|tier|[Gen 3] OU","|rule|Sleep Clause Mod: Limit one foe put to sleep","|rule|Switch Priority Clause Mod: Faster Pokémon switch first","|rule|Species Clause: Limit one of each Pokémon","|rule|OHKO Clause: OHKO moves are banned","|rule|Evasion Items Clause: Evasion items are banned","|rule|Evasion Moves Clause: Evasion moves are banned","|rule|Endless Battle Clause: Forcing endless battles is banned","|rule|HP Percentage Mod: HP is shown in percentages","|rule|One Boost Passer Clause: Limit one Baton Passer that has a way to boost its stats","|rule|Freeze Clause Mod: Limit one foe frozen","|","|t:|1750828912","|start","|switch|p1a: Medicham|Medicham, F|262/262","|switch|p2a: Salamence|Salamence, F|360/360","|-ability|p2a: Salamence|Intimidate|boost","|-unboost|p1a: Medicham|atk|1","|turn|1","|","|t:|1750828924","|switch|p1a: Suicune|Suicune|404/404","|-ability|p1a: Suicune|Pressure|[silent]","|switch|p2a: Metagross|Metagross|343/343","|","|upkeep","|turn|2","|","|t:|1750828935","|move|p1a: Suicune|Calm Mind|p1a: Suicune","|-boost|p1a: Suicune|spa|1","|-boost|p1a: Suicune|spd|1","|move|p2a: Metagross|Earthquake|p1a: Suicune","|-crit|p1a: Suicune","|-damage|p1a: Suicune|149/404","|","|-heal|p1a: Suicune|174/404|[from] item: Leftovers","|upkeep","|turn|3","|","|t:|1750828946","|move|p1a: Suicune|Rest|p1a: Suicune","|-status|p1a: Suicune|slp|[from] move: Rest","|-heal|p1a: Suicune|404/404 slp|[silent]","|move|p2a: Metagross|Earthquake|p1a: Suicune","|-damage|p1a: Suicune|288/404 slp","|","|-heal|p1a: Suicune|313/404 slp|[from] item: Leftovers","|upkeep","|turn|4","|","|t:|1750828957","|cant|p1a: Suicune|slp","|move|p2a: Metagross|Explosion|p1a: Suicune","|-damage|p1a: Suicune|0 fnt","|faint|p2a: Metagross","|faint|p1a: Suicune","|","|t:|1750828968","|switch|p1a: Metagross|Metagross|364/364","|switch|p2a: Salamence|Salamence, F|360/360","|-ability|p2a: Salamence|Intimidate|boost","|-fail|p1a: Metagross|unboost|[from] ability: Clear Body|[of] p1a: Metagross","|","|upkeep","|turn|5","|","|t:|1750828980","|move|p2a: Salamence|Earthquake|p1a: Metagross","|-supereffective|p1a: Metagross","|-damage|p1a: Metagross|35/364","|move|p1a: Metagross|Meteor Mash|p2a: Salamence","|-damage|p2a: Salamence|131/360","|","|-heal|p1a: Metagross|57/364|[from] item: Leftovers","|upkeep","|turn|6","|","|t:|1750829008","|switch|p1a: Salamence|Salamence, M|331/331","|-ability|p1a: Salamence|Intimidate|boost","|-unboost|p2a: Salamence|atk|1","|move|p2a: Salamence|Earthquake|p1a: Salamence","|-immune|p1a: Salamence","|","|upkeep","|turn|7","|","|t:|1750829020","|move|p1a: Salamence|Earthquake|p2a: Salamence","|-immune|p2a: Salamence","|move|p2a: Salamence|Earthquake|p1a: Salamence","|-immune|p1a: Salamence","|","|upkeep","|turn|8","|","|t:|1750829031","|move|p1a: Salamence|Earthquake|p2a: Salamence","|-immune|p2a: Salamence","|move|p2a: Salamence|Earthquake|p1a: Salamence","|-immune|p1a: Salamence","|","|upkeep","|turn|9","|","|t:|1750829043","|move|p1a: Salamence|Earthquake|p2a: Salamence","|-immune|p2a: Salamence","|move|p2a: Salamence|Earthquake|p1a: Salamence","|-immune|p1a: Salamence","|","|upkeep","|turn|10","|","|t:|1750829061","|switch|p1a: Snorlax|Snorlax, F|484/484","|move|p2a: Salamence|Earthquake|p1a: Snorlax","|-damage|p1a: Snorlax|341/484","|","|-heal|p1a: Snorlax|371/484|[from] item: Leftovers","|upkeep","|turn|11","|","|t:|1750829098","|switch|p1a: Salamence|Salamence, M|331/331","|-ability|p1a: Salamence|Intimidate|boost","|-unboost|p2a: Salamence|atk|1","|move|p2a: Salamence|Earthquake|p1a: Salamence","|-immune|p1a: Salamence","|","|upkeep","|turn|12","|","|t:|1750829109","|move|p1a: Salamence|Dragon Dance|p1a: Salamence","|-boost|p1a: Salamence|atk|1","|-boost|p1a: Salamence|spe|1","|move|p2a: Salamence|Earthquake|p1a: Salamence","|-immune|p1a: Salamence","|","|upkeep","|turn|13","|","|t:|1750829121","|switch|p2a: Swampert|Swampert, M|404/404","|move|p1a: Salamence|Dragon Dance|p1a: Salamence","|-boost|p1a: Salamence|atk|1","|-boost|p1a: Salamence|spe|1","|","|upkeep","|turn|14","|","|t:|1750829134","|switch|p1a: Metagross|Metagross|57/364","|move|p2a: Swampert|Ice Beam|p1a: Metagross","|-resisted|p1a: Metagross","|-damage|p1a: Metagross|24/364","|","|-heal|p1a: Metagross|46/364|[from] item: Leftovers","|upkeep","|turn|15","|","|t:|1750829145","|move|p1a: Metagross|Explosion|p2a: Swampert","|-damage|p2a: Swampert|0 fnt","|faint|p1a: Metagross","|faint|p2a: Swampert","|","|t:|1750829157","|switch|p1a: Magneton|Magneton|242/242","|switch|p2a: Salamence|Salamence, F|131/360","|-ability|p2a: Salamence|Intimidate|boost","|-unboost|p1a: Magneton|atk|1","|","|upkeep","|turn|16","|","|t:|1750829202","|move|p2a: Salamence|Earthquake|p1a: Magneton","|-supereffective|p1a: Magneton","|-damage|p1a: Magneton|0 fnt","|faint|p1a: Magneton","|","|t:|1750829204","|switch|p1a: Salamence|Salamence, M|331/331","|-ability|p1a: Salamence|Intimidate|boost","|-unboost|p2a: Salamence|atk|1","|","|upkeep","|turn|17","|","|t:|1750829224","|move|p1a: Salamence|Dragon Dance|p1a: Salamence","|-boost|p1a: Salamence|atk|1","|-boost|p1a: Salamence|spe|1","|move|p2a: Salamence|Earthquake|p1a: Salamence","|-immune|p1a: Salamence","|","|upkeep","|turn|18","|","|t:|1750829236","|move|p1a: Salamence|Dragon Dance|p1a: Salamence","|-boost|p1a: Salamence|atk|1","|-boost|p1a: Salamence|spe|1","|move|p2a: Salamence|Earthquake|p1a: Salamence","|-immune|p1a: Salamence","|","|upkeep","|turn|19","|","|t:|1750829247","|switch|p2a: Blissey|Blissey, F|652/652","|move|p1a: Salamence|Dragon Dance|p1a: Salamence","|-boost|p1a: Salamence|atk|1","|-boost|p1a: Salamence|spe|1","|","|upkeep","|turn|20","|","|t:|1750829259","|switch|p2a: Salamence|Salamence, F|131/360","|-ability|p2a: Salamence|Intimidate|boost","|-unboost|p1a: Salamence|atk|1","|move|p1a: Salamence|Hidden Power|p2a: Salamence","|-damage|p2a: Salamence|0 fnt","|faint|p2a: Salamence","|","|t:|1750829270","|switch|p2a: Blissey|Blissey, F|652/652","|","|upkeep","|turn|21","|","|t:|1750829281","|move|p1a: Salamence|Hidden Power|p2a: Blissey","|-damage|p2a: Blissey|134/652","|move|p2a: Blissey|Toxic|p1a: Salamence","|-status|p1a: Salamence|tox","|","|-damage|p1a: Salamence|311/331 tox|[from] psn","|-heal|p2a: Blissey|174/652|[from] item: Leftovers","|upkeep","|turn|22","|","|t:|1750829293","|move|p2a: Blissey|Protect|p2a: Blissey","|-singleturn|p2a: Blissey|Protect","|move|p1a: Salamence|Hidden Power|p2a: Blissey","|-activate|p2a: Blissey|Protect","|","|-heal|p1a: Salamence|331/331 tox|[from] item: Leftovers","|-damage|p1a: Salamence|291/331 tox|[from] psn","|-heal|p2a: Blissey|214/652|[from] item: Leftovers","|upkeep","|turn|23","|","|t:|1750829304","|move|p2a: Blissey|Protect|p2a: Blissey","|-singleturn|p2a: Blissey|Protect","|move|p1a: Salamence|Hidden Power|p2a: Blissey","|-activate|p2a: Blissey|Protect","|","|-heal|p1a: Salamence|311/331 tox|[from] item: Leftovers","|-damage|p1a: Salamence|251/331 tox|[from] psn","|-heal|p2a: Blissey|254/652|[from] item: Leftovers","|upkeep","|turn|24","|","|t:|1750829315","|move|p2a: Blissey|Protect|p2a: Blissey","|-singleturn|p2a: Blissey|Protect","|move|p1a: Salamence|Hidden Power|p2a: Blissey","|-activate|p2a: Blissey|Protect","|","|-heal|p1a: Salamence|271/331 tox|[from] item: Leftovers","|-damage|p1a: Salamence|191/331 tox|[from] psn","|-heal|p2a: Blissey|294/652|[from] item: Leftovers","|upkeep","|turn|25","|","|t:|1750829327","|move|p2a: Blissey|Protect||[still]","|-fail|p2a: Blissey","|move|p1a: Salamence|Hidden Power|p2a: Blissey","|-damage|p2a: Blissey|0 fnt","|faint|p2a: Blissey","|","|t:|1750829338","|switch|p2a: Magneton|Magneton|242/242","|","|-heal|p1a: Salamence|211/331 tox|[from] item: Leftovers","|-damage|p1a: Salamence|111/331 tox|[from] psn","|upkeep","|turn|26","|","|t:|1750829349","|move|p2a: Magneton|Protect|p2a: Magneton","|-singleturn|p2a: Magneton|Protect","|move|p1a: Salamence|Earthquake|p2a: Magneton","|-activate|p2a: Magneton|Protect","|","|-heal|p1a: Salamence|131/331 tox|[from] item: Leftovers","|-damage|p1a: Salamence|11/331 tox|[from] psn","|upkeep","|turn|27","|","|t:|1750829360","|move|p2a: Magneton|Protect|p2a: Magneton","|-singleturn|p2a: Magneton|Protect","|move|p1a: Salamence|Earthquake|p2a: Magneton","|-activate|p2a: Magneton|Protect","|","|-heal|p1a: Salamence|31/331 tox|[from] item: Leftovers","|-damage|p1a: Salamence|0 fnt|[from] psn","|faint|p1a: Salamence","|upkeep","|","|t:|1750829366","|switch|p1a: Medicham|Medicham, F|262/262","|turn|28","|","|t:|1750829372","|move|p1a: Medicham|Brick Break|p2a: Magneton","|-supereffective|p2a: Magneton","|-damage|p2a: Magneton|0 fnt","|faint|p2a: Magneton","|","|t:|1750829383","|switch|p2a: Tyranitar|Tyranitar, M|401/401","|-weather|Sandstorm|[from] ability: Sand Stream|[of] p2a: Tyranitar","|","|-weather|Sandstorm|[upkeep]","|-damage|p1a: Medicham|246/262|[from] Sandstorm","|upkeep","|turn|29","|","|t:|1750829394","|move|p1a: Medicham|Brick Break|p2a: Tyranitar","|-supereffective|p2a: Tyranitar","|-damage|p2a: Tyranitar|0 fnt","|faint|p2a: Tyranitar","|","|win|thecrusher677",""],"p1rating":null,"p2rating":null,"endType":"normal","ladderError":true,"timestamp":"Tue Jun 24 2025 22:29:54 GMT-0700 (アメリカ太平洋夏時間)","roomid":"battle-gen3ou-620","format":"gen3ou"}