{"winner":"simb","seed":"sodium,afdf660578977e4f44065a0453cca49e","turns":8,"p1":"thecrusher677","p2":"simb","p1team":[{"name":"Salamence","species":"Salamence","item":"Choice Band","ability":"Intimidate","moves":["Earthquake","Hidden Power Flying","Brick Break","Rock Slide"],"nature":"Adamant","evs":{"hp":120,"atk":252,"def":0,"spa":0,"spd":0,"spe":136},"gender":"M","ivs":{"hp":30,"atk":30,"def":30,"spa":30,"spd":30,"spe":31},"happiness":255,"hpType":"Flying","pokeball":"","gigantamax":false,"dynamaxLevel":10,"teraType":"","level":100},{"name":"Magneton","species":"Magneton","item":"Magnet","ability":"Magnet Pull","moves":["Thunderbolt","Toxic","Hidden Power Fire","Protect"],"nature":"Modest","evs":{"hp":4,"atk":0,"def":0,"spa":252,"spd":0,"spe":252},"gender":"N","ivs":{"hp":31,"atk":2,"def":31,"spa":30,"spd":31,"spe":30},"happiness":255,"hpType":"Fire","pokeball":"","gigantamax":false,"dynamaxLevel":10,"teraType":"","level":100},{"name":"Tyranitar","species":"Tyranitar","item":"Leftovers","ability":"Sand Stream","moves":["Crunch","Dragon Dance","Hidden Power Grass","Fire Blast"],"nature":"Modest","evs":{"hp":240,"atk":0,"def":0,"spa":188,"spd":48,"spe":32},"gender":"F","ivs":{"hp":31,"atk":2,"def":31,"spa":30,"spd":31,"spe":31},"happiness":255,"hpType":"Grass","pokeball":"","gigantamax":false,"dynamaxLevel":10,"teraType":"","level":100},{"name":"Blissey","species":"Blissey","item":"Leftovers","ability":"Natural Cure","moves":["Seismic Toss","Wish","Protect","Toxic"],"nature":"","evs":{"hp":4,"atk":0,"def":252,"spa":0,"spd":252,"spe":0},"gender":"F","ivs":{"hp":31,"atk":0,"def":31,"spa":31,"spd":31,"spe":31},"level":100},{"name":"Metagross","species":"Metagross","item":"Leftovers","ability":"Clear Body","moves":["Agility","Meteor Mash","Earthquake","Explosion"],"nature":"Adamant","evs":{"hp":168,"atk":252,"def":0,"spa":0,"spd":0,"spe":88},"gender":"N","level":100,"ivs":{"hp":31,"atk":31,"def":31,"spa":31,"spd":31,"spe":31}},{"name":"Swampert","species":"Swampert","item":"Leftovers","ability":"Torrent","moves":["Surf","Ice Beam","Protect","Toxic"],"nature":"Bold","evs":{"hp":252,"atk":0,"def":160,"spa":0,"spd":96,"spe":0},"gender":"M","ivs":{"hp":31,"atk":0,"def":31,"spa":31,"spd":31,"spe":31},"level":100}],"p2team":[{"name":"Salamence","species":"Salamence","item":"Choice Band","ability":"Intimidate","moves":["Earthquake","Hidden Power Flying","Brick Break","Rock Slide"],"nature":"Adamant","evs":{"hp":120,"atk":252,"def":0,"spa":0,"spd":0,"spe":136},"gender":"M","ivs":{"hp":30,"atk":30,"def":30,"spa":30,"spd":30,"spe":31},"happiness":255,"hpType":"Flying","pokeball":"","gigantamax":false,"dynamaxLevel":10,"teraType":"","level":100},{"name":"Magneton","species":"Magneton","item":"Magnet","ability":"Magnet Pull","moves":["Thunderbolt","Toxic","Hidden Power Fire","Protect"],"nature":"Modest","evs":{"hp":4,"atk":0,"def":0,"spa":252,"spd":0,"spe":252},"gender":"N","ivs":{"hp":31,"atk":2,"def":31,"spa":30,"spd":31,"spe":30},"happiness":255,"hpType":"Fire","pokeball":"","gigantamax":false,"dynamaxLevel":10,"teraType":"","level":100},{"name":"Tyranitar","species":"Tyranitar","item":"Leftovers","ability":"Sand Stream","moves":["Crunch","Pursuit","Hidden Power Grass","Fire Blast"],"nature":"Modest","evs":{"hp":240,"atk":0,"def":0,"spa":188,"spd":48,"spe":32},"gender":"M","ivs":{"hp":31,"atk":2,"def":31,"spa":30,"spd":31,"spe":31},"happiness":255,"hpType":"Grass","pokeball":"","gigantamax":false,"dynamaxLevel":10,"teraType":"","level":100},{"name":"Blissey","species":"Blissey","item":"Leftovers","ability":"Natural Cure","moves":["Seismic Toss","Wish","Protect","Toxic"],"nature":"","evs":{"hp":4,"atk":0,"def":252,"spa":0,"spd":252,"spe":0},"gender":"F","ivs":{"hp":31,"atk":0,"def":31,"spa":31,"spd":31,"spe":31},"level":100},{"name":"Metagross","species":"Metagross","item":"Leftovers","ability":"Clear Body","moves":["Agility","Meteor Mash","Earthquake","Explosion"],"nature":"Adamant","evs":{"hp":168,"atk":252,"def":0,"spa":0,"spd":0,"spe":88},"gender":"N","level":100,"ivs":{"hp":31,"atk":31,"def":31,"spa":31,"spd":31,"spe":31}},{"name":"Swampert","species":"Swampert","item":"Leftovers","ability":"Torrent","moves":["Surf","Ice Beam","Protect","Toxic"],"nature":"Bold","evs":{"hp":252,"atk":0,"def":160,"spa":0,"spd":96,"spe":0},"gender":"M","ivs":{"hp":31,"atk":0,"def":31,"spa":31,"spd":31,"spe":31},"level":100}],"score":[5,6],"inputLog":[">version 372d05e49c92a79eecdf6c8dddb208bd1765c00f",">start {\"formatid\":\"gen3ou\",\"seed\":\"sodium,afdf660578977e4f44065a0453cca49e\"}",">player p1 {\"name\":\"thecrusher677\",\"avatar\":\"1\",\"team\":\"Salamence||ChoiceBand|Intimidate|Earthquake,HiddenPowerFlying,BrickBreak,RockSlide|Adamant|120,252,,,,136|M|30,30,30,30,30,|||,Flying,,,,]Magneton||Magnet|MagnetPull|Thunderbolt,Toxic,HiddenPowerFire,Protect|Modest|4,,,252,,252|N|,2,,30,,30|||,Fire,,,,]Tyranitar||Leftovers|SandStream|Crunch,DragonDance,HiddenPowerGrass,FireBlast|Modest|240,,,188,48,32|F|,2,,30,,|||,Grass,,,,]Blissey||Leftovers|NaturalCure|SeismicToss,Wish,Protect,Toxic||4,,252,,252,|F|,0,,,,|||]Metagross||Leftovers|ClearBody|Agility,MeteorMash,Earthquake,Explosion|Adamant|168,252,,,,88|N||||]Swampert||Leftovers|Torrent|Surf,IceBeam,Protect,Toxic|Bold|252,,160,,96,|M|,0,,,,|||\",\"rating\":0}",">player p2 {\"name\":\"simb\",\"avatar\":\"170\",\"team\":\"Salamence||ChoiceBand|Intimidate|Earthquake,HiddenPowerFlying,BrickBreak,RockSlide|Adamant|120,252,,,,136|M|30,30,30,30,30,|||,Flying,,,,]Magneton||Magnet|MagnetPull|Thunderbolt,Toxic,HiddenPowerFire,Protect|Modest|4,,,252,,252|N|,2,,30,,30|||,Fire,,,,]Tyranitar||Leftovers|SandStream|Crunch,Pursuit,HiddenPowerGrass,FireBlast|Modest|240,,,188,48,32|M|,2,,30,,|||,Grass,,,,]Blissey||Leftovers|NaturalCure|SeismicToss,Wish,Protect,Toxic||4,,252,,252,|F|,0,,,,|||]Metagross||Leftovers|ClearBody|Agility,MeteorMash,Earthquake,Explosion|Adamant|168,252,,,,88|N||||]Swampert||Leftovers|Torrent|Surf,IceBeam,Protect,Toxic|Bold|252,,160,,96,|M|,0,,,,|||\",\"rating\":0}",">p1 switch 3",">p2 move rockslide",">p1 switch 3",">p2 move rockslide",">p1 switch 2",">p2 move rockslide",">p1 switch 6",">p2 move rockslide",">p1 move protect",">p2 move rockslide",">p1 switch 5",">p2 move rockslide",">p1 switch 2",">p2 move rockslide",">p1 switch 5",">forcelose p1"],"log":["|j|☆thecrusher677","|j|☆simb","|t:|1749082722","|gametype|singles","|player|p1|thecrusher677|1|","|player|p2|simb|170|","|teamsize|p1|6","|teamsize|p2|6","|gen|3","|tier|[Gen 3] OU","|rule|Sleep Clause Mod: Limit one foe put to sleep","|rule|Switch Priority Clause Mod: Faster Pokémon switch first","|rule|Species Clause: Limit one of each Pokémon","|rule|OHKO Clause: OHKO moves are banned","|rule|Evasion Items Clause: Evasion items are banned","|rule|Evasion Moves Clause: Evasion moves are banned","|rule|Endless Battle Clause: Forcing endless battles is banned","|rule|HP Percentage Mod: HP is shown in percentages","|rule|One Boost Passer Clause: Limit one Baton Passer that has a way to boost its stats","|rule|Freeze Clause Mod: Limit one foe frozen","|","|t:|1749082722","|start","|switch|p1a: Salamence|Salamence, M|360/360","|switch|p2a: Salamence|Salamence, M|360/360","|-ability|p1a: Salamence|Intimidate|boost","|-unboost|p2a: Salamence|atk|1","|-ability|p2a: Salamence|Intimidate|boost","|-unboost|p1a: Salamence|atk|1","|turn|1","|","|t:|1749083015","|switch|p1a: Tyranitar|Tyranitar, F|401/401","|-weather|Sandstorm|[from] ability: Sand Stream|[of] p1a: Tyranitar","|move|p2a: Salamence|Rock Slide|p1a: Tyranitar","|-damage|p1a: Tyranitar|304/401","|","|-weather|Sandstorm|[upkeep]","|-damage|p2a: Salamence|338/360|[from] Sandstorm","|-heal|p1a: Tyranitar|329/401|[from] item: Leftovers","|upkeep","|turn|2","|","|t:|1749083017","|switch|p1a: Salamence|Salamence, M|360/360","|-ability|p1a: Salamence|Intimidate|boost","|-unboost|p2a: Salamence|atk|1","|move|p2a: Salamence|Rock Slide|p1a: Salamence","|-supereffective|p1a: Salamence","|-damage|p1a: Salamence|176/360","|","|-weather|Sandstorm|[upkeep]","|-damage|p1a: Salamence|154/360|[from] Sandstorm","|-damage|p2a: Salamence|316/360|[from] Sandstorm","|upkeep","|turn|3","|","|t:|1749083430","|switch|p1a: Magneton|Magneton|242/242","|move|p2a: Salamence|Rock Slide|p1a: Magneton","|-resisted|p1a: Magneton","|-damage|p1a: Magneton|201/242","|","|-weather|Sandstorm|[upkeep]","|-damage|p2a: Salamence|294/360|[from] Sandstorm","|upkeep","|turn|4","|","|t:|1749083438","|switch|p1a: Swampert|Swampert, M|404/404","|move|p2a: Salamence|Rock Slide|p1a: Swampert","|-resisted|p1a: Swampert","|-damage|p1a: Swampert|374/404","|","|-weather|Sandstorm|[upkeep]","|-damage|p2a: Salamence|272/360|[from] Sandstorm","|-heal|p1a: Swampert|399/404|[from] item: Leftovers","|upkeep","|turn|5","|","|t:|1749083445","|move|p1a: Swampert|Protect|p1a: Swampert","|-singleturn|p1a: Swampert|Protect","|move|p2a: Salamence|Rock Slide|p1a: Swampert","|-activate|p1a: Swampert|Protect","|","|-weather|Sandstorm|[upkeep]","|-damage|p2a: Salamence|250/360|[from] Sandstorm","|-heal|p1a: Swampert|404/404|[from] item: Leftovers","|upkeep","|turn|6","|","|t:|1749083449","|switch|p1a: Metagross|Metagross|343/343","|move|p2a: Salamence|Rock Slide|p1a: Metagross","|-resisted|p1a: Metagross","|-damage|p1a: Metagross|315/343","|","|-weather|Sandstorm|[upkeep]","|-damage|p2a: Salamence|228/360|[from] Sandstorm","|-heal|p1a: Metagross|336/343|[from] item: Leftovers","|upkeep","|turn|7","|","|t:|1749083453","|switch|p1a: Salamence|Salamence, M|154/360","|-ability|p1a: Salamence|Intimidate|boost","|-unboost|p2a: Salamence|atk|1","|move|p2a: Salamence|Rock Slide|p1a: Salamence","|-supereffective|p1a: Salamence","|-damage|p1a: Salamence|9/360","|","|-weather|Sandstorm|[upkeep]","|-damage|p1a: Salamence|0 fnt|[from] Sandstorm","|-damage|p2a: Salamence|206/360|[from] Sandstorm","|faint|p1a: Salamence","|upkeep","|","|t:|1749083460","|switch|p1a: Swampert|Swampert, M|404/404","|turn|8","|-message|thecrusher677 forfeited.","|","|win|simb",""],"p1rating":null,"p2rating":null,"endType":"forfeit","ladderError":true,"timestamp":"Wed Jun 04 2025 17:31:18 GMT-0700 (アメリカ太平洋夏時間)","roomid":"battle-gen3ou-203","format":"gen3ou"}