{"winner":"thecrusher677","seed":"sodium,be0a57cee97ed201ea83889b0dc770b8","turns":17,"p1":"thecrusher677","p2":"simb","p1team":[{"name":"Aerodactyl","species":"Aerodactyl","item":"Choice Band","ability":"Rock Head","moves":["Rock Slide","Earthquake","Hidden Power Bug","Double-Edge"],"nature":"Jolly","evs":{"hp":112,"atk":144,"def":0,"spa":0,"spd":0,"spe":252},"gender":"F","ivs":{"hp":31,"atk":30,"def":30,"spa":31,"spd":30,"spe":31},"happiness":255,"hpType":"Bug","pokeball":"","gigantamax":false,"dynamaxLevel":10,"teraType":"","level":100},{"name":"Metagross","species":"Metagross","item":"Choice Band","ability":"Clear Body","moves":["Meteor Mash","Earthquake","Rock Slide","Explosion"],"nature":"Jolly","evs":{"hp":120,"atk":136,"def":0,"spa":0,"spd":0,"spe":252},"gender":"N","level":100,"ivs":{"hp":31,"atk":31,"def":31,"spa":31,"spd":31,"spe":31}},{"name":"Medicham","species":"Medicham","item":"Choice Band","ability":"Pure Power","moves":["Brick Break","Shadow Ball","Focus Punch","Rock Slide"],"nature":"Jolly","evs":{"hp":4,"atk":252,"def":0,"spa":0,"spd":0,"spe":252},"gender":"M","level":100,"ivs":{"hp":31,"atk":31,"def":31,"spa":31,"spd":31,"spe":31}},{"name":"Tyranitar","species":"Tyranitar","item":"Choice Band","ability":"Sand Stream","moves":["Rock Slide","Earthquake","Hidden Power Bug","Brick Break"],"nature":"Relaxed","evs":{"hp":252,"atk":252,"def":0,"spa":0,"spd":0,"spe":0},"gender":"F","ivs":{"hp":31,"atk":30,"def":30,"spa":31,"spd":30,"spe":31},"happiness":255,"hpType":"Bug","pokeball":"","gigantamax":false,"dynamaxLevel":10,"teraType":"","level":100},{"name":"Dugtrio","species":"Dugtrio","item":"Choice Band","ability":"Arena Trap","moves":["Earthquake","Aerial Ace","Hidden Power Bug","Beat Up"],"nature":"Adamant","evs":{"hp":28,"atk":252,"def":0,"spa":0,"spd":12,"spe":216},"gender":"M","ivs":{"hp":31,"atk":30,"def":30,"spa":31,"spd":30,"spe":31},"happiness":255,"hpType":"Bug","pokeball":"","gigantamax":false,"dynamaxLevel":10,"teraType":"","level":100},{"name":"Salamence","species":"Salamence","item":"Choice Band","ability":"Intimidate","moves":["Hidden Power Flying","Earthquake","Brick Break","Rock Slide"],"nature":"Jolly","evs":{"hp":136,"atk":120,"def":0,"spa":0,"spd":0,"spe":252},"gender":"F","ivs":{"hp":30,"atk":30,"def":30,"spa":30,"spd":30,"spe":31},"happiness":255,"hpType":"Flying","pokeball":"","gigantamax":false,"dynamaxLevel":10,"teraType":"","level":100}],"p2team":[{"name":"Salamence","species":"Salamence","item":"Choice Band","ability":"Intimidate","moves":["Earthquake","Hidden Power Flying","Brick Break","Rock Slide"],"nature":"Adamant","evs":{"hp":120,"atk":252,"def":0,"spa":0,"spd":0,"spe":136},"gender":"F","ivs":{"hp":30,"atk":30,"def":30,"spa":30,"spd":30,"spe":31},"happiness":255,"hpType":"Flying","pokeball":"","gigantamax":false,"dynamaxLevel":10,"teraType":"","level":100},{"name":"Magneton","species":"Magneton","item":"Magnet","ability":"Magnet Pull","moves":["Thunderbolt","Toxic","Hidden Power Fire","Protect"],"nature":"Modest","evs":{"hp":4,"atk":0,"def":0,"spa":252,"spd":0,"spe":252},"gender":"N","ivs":{"hp":31,"atk":2,"def":31,"spa":30,"spd":31,"spe":30},"happiness":255,"hpType":"Fire","pokeball":"","gigantamax":false,"dynamaxLevel":10,"teraType":"","level":100},{"name":"Tyranitar","species":"Tyranitar","item":"Leftovers","ability":"Sand Stream","moves":["Crunch","Pursuit","Hidden Power Grass","Fire Blast"],"nature":"Modest","evs":{"hp":240,"atk":0,"def":0,"spa":188,"spd":48,"spe":32},"gender":"F","ivs":{"hp":31,"atk":2,"def":31,"spa":30,"spd":31,"spe":31},"happiness":255,"hpType":"Grass","pokeball":"","gigantamax":false,"dynamaxLevel":10,"teraType":"","level":100},{"name":"Blissey","species":"Blissey","item":"Leftovers","ability":"Natural Cure","moves":["Seismic Toss","Wish","Protect","Toxic"],"nature":"","evs":{"hp":4,"atk":0,"def":252,"spa":0,"spd":252,"spe":0},"gender":"F","ivs":{"hp":31,"atk":0,"def":31,"spa":31,"spd":31,"spe":31},"level":100},{"name":"Metagross","species":"Metagross","item":"Leftovers","ability":"Clear Body","moves":["Agility","Meteor Mash","Earthquake","Explosion"],"nature":"Adamant","evs":{"hp":168,"atk":252,"def":0,"spa":0,"spd":0,"spe":88},"gender":"N","level":100,"ivs":{"hp":31,"atk":31,"def":31,"spa":31,"spd":31,"spe":31}},{"name":"Swampert","species":"Swampert","item":"Leftovers","ability":"Torrent","moves":["Surf","Ice Beam","Protect","Toxic"],"nature":"Bold","evs":{"hp":252,"atk":0,"def":160,"spa":0,"spd":96,"spe":0},"gender":"F","ivs":{"hp":31,"atk":0,"def":31,"spa":31,"spd":31,"spe":31},"level":100}],"score":[3,0],"inputLog":[">version 372d05e49c92a79eecdf6c8dddb208bd1765c00f",">start {\"formatid\":\"gen3ou\",\"seed\":\"sodium,be0a57cee97ed201ea83889b0dc770b8\"}",">player p1 {\"name\":\"thecrusher677\",\"avatar\":\"101\",\"team\":\"Aerodactyl||ChoiceBand|RockHead|RockSlide,Earthquake,HiddenPowerBug,DoubleEdge|Jolly|112,144,,,,252|F|,30,30,,30,|||,Bug,,,,]Metagross||ChoiceBand|ClearBody|MeteorMash,Earthquake,RockSlide,Explosion|Jolly|120,136,,,,252|N||||]Medicham||ChoiceBand|PurePower|BrickBreak,ShadowBall,FocusPunch,RockSlide|Jolly|4,252,,,,252|M||||]Tyranitar||ChoiceBand|SandStream|RockSlide,Earthquake,HiddenPowerBug,BrickBreak|Relaxed|252,252,,,,|F|,30,30,,30,|||,Bug,,,,]Dugtrio||ChoiceBand|ArenaTrap|Earthquake,AerialAce,HiddenPowerBug,BeatUp|Adamant|28,252,,,12,216|M|,30,30,,30,|||,Bug,,,,]Salamence||ChoiceBand|Intimidate|HiddenPowerFlying,Earthquake,BrickBreak,RockSlide|Jolly|136,120,,,,252|F|30,30,30,30,30,|||,Flying,,,,\",\"rating\":0}",">player p2 {\"name\":\"simb\",\"avatar\":\"101\",\"team\":\"Salamence||ChoiceBand|Intimidate|Earthquake,HiddenPowerFlying,BrickBreak,RockSlide|Adamant|120,252,,,,136|F|30,30,30,30,30,|||,Flying,,,,]Magneton||Magnet|MagnetPull|Thunderbolt,Toxic,HiddenPowerFire,Protect|Modest|4,,,252,,252|N|,2,,30,,30|||,Fire,,,,]Tyranitar||Leftovers|SandStream|Crunch,Pursuit,HiddenPowerGrass,FireBlast|Modest|240,,,188,48,32|F|,2,,30,,|||,Grass,,,,]Blissey||Leftovers|NaturalCure|SeismicToss,Wish,Protect,Toxic||4,,252,,252,|F|,0,,,,|||]Metagross||Leftovers|ClearBody|Agility,MeteorMash,Earthquake,Explosion|Adamant|168,252,,,,88|N||||]Swampert||Leftovers|Torrent|Surf,IceBeam,Protect,Toxic|Bold|252,,160,,96,|F|,0,,,,|||\",\"rating\":0}",">p1 move rockslide",">p2 move rockslide",">p1 switch 6",">p1 move rockslide",">p2 move rockslide",">p2 switch 2",">p1 switch 5",">p2 move thunderbolt",">p1 move hiddenpower",">p2 move hiddenpower",">p1 switch 4",">p2 move hiddenpower",">p1 move rockslide",">p2 move thunderbolt",">p1 switch 4",">p2 move thunderbolt",">p1 move earthquake",">p2 move hiddenpower",">p2 switch 3",">p1 move earthquake",">p2 move hiddenpower",">p2 switch 4",">p1 move earthquake",">p2 move seismictoss",">p1 switch 3",">p2 move seismictoss",">p1 move brickbreak",">p2 move seismictoss",">p2 switch 5",">p1 move brickbreak",">p2 move explosion",">p1 switch 2",">p2 switch 6",">p1 move earthquake",">p2 move surf",">p1 move earthquake",">p2 move surf",">p1 move earthquake",">p2 move surf",">p1 switch 5",">p1 move hiddenpower",">p2 move icebeam"],"log":["|j|☆thecrusher677","|j|☆simb","|t:|1749338244","|gametype|singles","|player|p1|thecrusher677|101|","|player|p2|simb|101|","|teamsize|p1|6","|teamsize|p2|6","|gen|3","|tier|[Gen 3] OU","|rule|Sleep Clause Mod: Limit one foe put to sleep","|rule|Switch Priority Clause Mod: Faster Pokémon switch first","|rule|Species Clause: Limit one of each Pokémon","|rule|OHKO Clause: OHKO moves are banned","|rule|Evasion Items Clause: Evasion items are banned","|rule|Evasion Moves Clause: Evasion moves are banned","|rule|Endless Battle Clause: Forcing endless battles is banned","|rule|HP Percentage Mod: HP is shown in percentages","|rule|One Boost Passer Clause: Limit one Baton Passer that has a way to boost its stats","|rule|Freeze Clause Mod: Limit one foe frozen","|","|t:|1749338244","|start","|switch|p1a: Aerodactyl|Aerodactyl, F|329/329","|switch|p2a: Salamence|Salamence, F|360/360","|-ability|p2a: Salamence|Intimidate|boost","|-unboost|p1a: Aerodactyl|atk|1","|turn|1","|","|t:|1749338250","|move|p1a: Aerodactyl|Rock Slide|p2a: Salamence","|-supereffective|p2a: Salamence","|-damage|p2a: Salamence|120/360","|move|p2a: Salamence|Rock Slide|p1a: Aerodactyl","|-supereffective|p1a: Aerodactyl","|-damage|p1a: Aerodactyl|0 fnt","|faint|p1a: Aerodactyl","|","|t:|1749338265","|switch|p1a: Salamence|Salamence, F|364/364","|-ability|p1a: Salamence|Intimidate|boost","|-unboost|p2a: Salamence|atk|1","|","|upkeep","|turn|2","|","|t:|1749338266","|move|p1a: Salamence|Rock Slide|p2a: Salamence","|-supereffective|p2a: Salamence","|-crit|p2a: Salamence","|-damage|p2a: Salamence|0 fnt","|faint|p2a: Salamence","|","|t:|1749338266","|switch|p2a: Magneton|Magneton|242/242","|","|upkeep","|turn|3","|","|t:|1749338272","|switch|p1a: Dugtrio|Dugtrio, M|218/218","|move|p2a: Magneton|Thunderbolt|p1a: Dugtrio","|-immune|p1a: Dugtrio","|","|upkeep","|turn|4","|","|t:|1749338282","|move|p1a: Dugtrio|Hidden Power|p2a: Magneton","|-resisted|p2a: Magneton","|-damage|p2a: Magneton|195/242","|move|p2a: Magneton|Hidden Power|p1a: Dugtrio","|-damage|p1a: Dugtrio|108/218","|","|upkeep","|turn|5","|","|t:|1749338290","|switch|p1a: Tyranitar|Tyranitar, F|404/404","|-weather|Sandstorm|[from] ability: Sand Stream|[of] p1a: Tyranitar","|move|p2a: Magneton|Hidden Power|p1a: Tyranitar","|-resisted|p1a: Tyranitar","|-damage|p1a: Tyranitar|358/404","|","|-weather|Sandstorm|[upkeep]","|upkeep","|turn|6","|","|t:|1749338298","|move|p2a: Magneton|Thunderbolt|p1a: Tyranitar","|-damage|p1a: Tyranitar|159/404","|move|p1a: Tyranitar|Rock Slide|p2a: Magneton","|-resisted|p2a: Magneton","|-damage|p2a: Magneton|88/242","|","|-weather|Sandstorm|[upkeep]","|upkeep","|turn|7","|","|t:|1749338304","|switch|p1a: Dugtrio|Dugtrio, M|108/218","|move|p2a: Magneton|Thunderbolt|p1a: Dugtrio","|-immune|p1a: Dugtrio","|","|-weather|Sandstorm|[upkeep]","|upkeep","|turn|8","|","|t:|1749338305","|move|p1a: Dugtrio|Earthquake|p2a: Magneton","|-supereffective|p2a: Magneton","|-damage|p2a: Magneton|0 fnt","|faint|p2a: Magneton","|","|t:|1749338306","|switch|p2a: Tyranitar|Tyranitar, F|401/401","|","|-weather|Sandstorm|[upkeep]","|upkeep","|turn|9","|","|t:|1749338309","|move|p1a: Dugtrio|Earthquake|p2a: Tyranitar","|-supereffective|p2a: Tyranitar","|-damage|p2a: Tyranitar|0 fnt","|faint|p2a: Tyranitar","|","|t:|1749338309","|switch|p2a: Blissey|Blissey, F|652/652","|","|-weather|Sandstorm|[upkeep]","|-damage|p2a: Blissey|612/652|[from] Sandstorm","|-heal|p2a: Blissey|652/652|[from] item: Leftovers","|upkeep","|turn|10","|","|t:|1749338313","|move|p1a: Dugtrio|Earthquake|p2a: Blissey","|-damage|p2a: Blissey|201/652","|move|p2a: Blissey|Seismic Toss|p1a: Dugtrio","|-damage|p1a: Dugtrio|8/218","|","|-weather|Sandstorm|[upkeep]","|-damage|p2a: Blissey|161/652|[from] Sandstorm","|-heal|p2a: Blissey|201/652|[from] item: Leftovers","|upkeep","|turn|11","|","|t:|1749338330","|switch|p1a: Medicham|Medicham, M|262/262","|move|p2a: Blissey|Seismic Toss|p1a: Medicham","|-damage|p1a: Medicham|162/262","|","|-weather|Sandstorm|[upkeep]","|-damage|p1a: Medicham|146/262|[from] Sandstorm","|-damage|p2a: Blissey|161/652|[from] Sandstorm","|-heal|p2a: Blissey|201/652|[from] item: Leftovers","|upkeep","|turn|12","|","|t:|1749338332","|move|p1a: Medicham|Brick Break|p2a: Blissey","|-supereffective|p2a: Blissey","|-damage|p2a: Blissey|0 fnt","|faint|p2a: Blissey","|","|t:|1749338333","|switch|p2a: Metagross|Metagross|343/343","|","|-weather|Sandstorm|[upkeep]","|-damage|p1a: Medicham|130/262|[from] Sandstorm","|upkeep","|turn|13","|","|t:|1749338335","|move|p1a: Medicham|Brick Break|p2a: Metagross","|-damage|p2a: Metagross|143/343","|move|p2a: Metagross|Explosion|p1a: Medicham","|-damage|p1a: Medicham|0 fnt","|faint|p2a: Metagross","|faint|p1a: Medicham","|","|t:|1749338340","|switch|p1a: Metagross|Metagross|331/331","|switch|p2a: Swampert|Swampert, F|404/404","|","|-weather|Sandstorm|[upkeep]","|upkeep","|turn|14","|","|t:|1749338343","|move|p1a: Metagross|Earthquake|p2a: Swampert","|-damage|p2a: Swampert|257/404","|move|p2a: Swampert|Surf|p1a: Metagross","|-damage|p1a: Metagross|231/331","|","|-weather|Sandstorm|[upkeep]","|-heal|p2a: Swampert|282/404|[from] item: Leftovers","|upkeep","|turn|15","|","|t:|1749338345","|move|p1a: Metagross|Earthquake|p2a: Swampert","|-damage|p2a: Swampert|145/404","|move|p2a: Swampert|Surf|p1a: Metagross","|-damage|p1a: Metagross|126/331","|","|-weather|Sandstorm|[upkeep]","|-heal|p2a: Swampert|170/404|[from] item: Leftovers","|upkeep","|turn|16","|","|t:|1749338347","|move|p1a: Metagross|Earthquake|p2a: Swampert","|-damage|p2a: Swampert|30/404","|move|p2a: Swampert|Surf|p1a: Metagross","|-damage|p1a: Metagross|0 fnt","|faint|p1a: Metagross","|","|t:|1749338349","|switch|p1a: Salamence|Salamence, F|364/364","|-ability|p1a: Salamence|Intimidate|boost","|-unboost|p2a: Swampert|atk|1","|","|-weather|Sandstorm|[upkeep]","|-damage|p1a: Salamence|342/364|[from] Sandstorm","|-heal|p2a: Swampert|55/404|[from] item: Leftovers","|upkeep","|turn|17","|","|t:|1749338351","|move|p1a: Salamence|Hidden Power|p2a: Swampert","|-damage|p2a: Swampert|0 fnt","|faint|p2a: Swampert","|","|win|thecrusher677",""],"p1rating":null,"p2rating":null,"endType":"normal","ladderError":true,"timestamp":"Sat Jun 07 2025 16:19:11 GMT-0700 (アメリカ太平洋夏時間)","roomid":"battle-gen3ou-297","format":"gen3ou"}