{"winner":"simb","seed":"sodium,077de795dac1a6e4b999ebbbfb667f48","turns":15,"p1":"thecrusher677","p2":"simb","p1team":[{"name":"Magneton","species":"Magneton","item":"Magnet","ability":"Magnet Pull","moves":["Thunderbolt","Toxic","Hidden Power Fire","Protect"],"nature":"Modest","evs":{"hp":4,"atk":0,"def":0,"spa":252,"spd":0,"spe":252},"gender":"N","ivs":{"hp":31,"atk":2,"def":31,"spa":30,"spd":31,"spe":30},"happiness":255,"hpType":"Fire","pokeball":"","gigantamax":false,"dynamaxLevel":10,"teraType":"","level":100},{"name":"Tyranitar","species":"Tyranitar","item":"Leftovers","ability":"Sand Stream","moves":["Crunch","Dragon Dance","Hidden Power Grass","Fire Blast"],"nature":"Modest","evs":{"hp":240,"atk":0,"def":0,"spa":188,"spd":48,"spe":32},"gender":"M","ivs":{"hp":31,"atk":2,"def":31,"spa":30,"spd":31,"spe":31},"happiness":255,"hpType":"Grass","pokeball":"","gigantamax":false,"dynamaxLevel":10,"teraType":"","level":100},{"name":"Salamence","species":"Salamence","item":"Choice Band","ability":"Intimidate","moves":["Earthquake","Hidden Power Flying","Brick Break","Rock Slide"],"nature":"Adamant","evs":{"hp":120,"atk":252,"def":0,"spa":0,"spd":0,"spe":136},"gender":"M","ivs":{"hp":30,"atk":30,"def":30,"spa":30,"spd":30,"spe":31},"happiness":255,"hpType":"Flying","pokeball":"","gigantamax":false,"dynamaxLevel":10,"teraType":"","level":100},{"name":"Blissey","species":"Blissey","item":"Leftovers","ability":"Natural Cure","moves":["Seismic Toss","Wish","Protect","Toxic"],"nature":"","evs":{"hp":4,"atk":0,"def":252,"spa":0,"spd":252,"spe":0},"gender":"F","ivs":{"hp":31,"atk":0,"def":31,"spa":31,"spd":31,"spe":31},"level":100},{"name":"Metagross","species":"Metagross","item":"Leftovers","ability":"Clear Body","moves":["Agility","Meteor Mash","Earthquake","Explosion"],"nature":"Adamant","evs":{"hp":168,"atk":252,"def":0,"spa":0,"spd":0,"spe":88},"gender":"N","level":100,"ivs":{"hp":31,"atk":31,"def":31,"spa":31,"spd":31,"spe":31}},{"name":"Swampert","species":"Swampert","item":"Leftovers","ability":"Torrent","moves":["Surf","Ice Beam","Protect","Toxic"],"nature":"Bold","evs":{"hp":252,"atk":0,"def":160,"spa":0,"spd":96,"spe":0},"gender":"F","ivs":{"hp":31,"atk":0,"def":31,"spa":31,"spd":31,"spe":31},"level":100}],"p2team":[{"name":"Salamence","species":"Salamence","item":"Choice Band","ability":"Intimidate","moves":["Earthquake","Hidden Power Flying","Brick Break","Rock Slide"],"nature":"Adamant","evs":{"hp":120,"atk":252,"def":0,"spa":0,"spd":0,"spe":136},"gender":"F","ivs":{"hp":30,"atk":30,"def":30,"spa":30,"spd":30,"spe":31},"happiness":255,"hpType":"Flying","pokeball":"","gigantamax":false,"dynamaxLevel":10,"teraType":"","level":100},{"name":"Magneton","species":"Magneton","item":"Magnet","ability":"Magnet Pull","moves":["Thunderbolt","Toxic","Hidden Power Fire","Protect"],"nature":"Modest","evs":{"hp":4,"atk":0,"def":0,"spa":252,"spd":0,"spe":252},"gender":"N","ivs":{"hp":31,"atk":2,"def":31,"spa":30,"spd":31,"spe":30},"happiness":255,"hpType":"Fire","pokeball":"","gigantamax":false,"dynamaxLevel":10,"teraType":"","level":100},{"name":"Tyranitar","species":"Tyranitar","item":"Leftovers","ability":"Sand Stream","moves":["Crunch","Pursuit","Hidden Power Grass","Fire Blast"],"nature":"Modest","evs":{"hp":240,"atk":0,"def":0,"spa":188,"spd":48,"spe":32},"gender":"F","ivs":{"hp":31,"atk":2,"def":31,"spa":30,"spd":31,"spe":31},"happiness":255,"hpType":"Grass","pokeball":"","gigantamax":false,"dynamaxLevel":10,"teraType":"","level":100},{"name":"Blissey","species":"Blissey","item":"Leftovers","ability":"Natural Cure","moves":["Seismic Toss","Wish","Protect","Toxic"],"nature":"","evs":{"hp":4,"atk":0,"def":252,"spa":0,"spd":252,"spe":0},"gender":"F","ivs":{"hp":31,"atk":0,"def":31,"spa":31,"spd":31,"spe":31},"level":100},{"name":"Metagross","species":"Metagross","item":"Leftovers","ability":"Clear Body","moves":["Agility","Meteor Mash","Earthquake","Explosion"],"nature":"Adamant","evs":{"hp":168,"atk":252,"def":0,"spa":0,"spd":0,"spe":88},"gender":"N","level":100,"ivs":{"hp":31,"atk":31,"def":31,"spa":31,"spd":31,"spe":31}},{"name":"Swampert","species":"Swampert","item":"Leftovers","ability":"Torrent","moves":["Surf","Ice Beam","Protect","Toxic"],"nature":"Bold","evs":{"hp":252,"atk":0,"def":160,"spa":0,"spd":96,"spe":0},"gender":"F","ivs":{"hp":31,"atk":0,"def":31,"spa":31,"spd":31,"spe":31},"level":100}],"score":[3,1],"inputLog":[">version 372d05e49c92a79eecdf6c8dddb208bd1765c00f",">start {\"formatid\":\"gen3ou\",\"seed\":\"sodium,077de795dac1a6e4b999ebbbfb667f48\"}",">player p1 {\"name\":\"thecrusher677\",\"avatar\":\"1\",\"team\":\"Magneton||Magnet|MagnetPull|Thunderbolt,Toxic,HiddenPowerFire,Protect|Modest|4,,,252,,252|N|,2,,30,,30|||,Fire,,,,]Tyranitar||Leftovers|SandStream|Crunch,DragonDance,HiddenPowerGrass,FireBlast|Modest|240,,,188,48,32|M|,2,,30,,|||,Grass,,,,]Salamence||ChoiceBand|Intimidate|Earthquake,HiddenPowerFlying,BrickBreak,RockSlide|Adamant|120,252,,,,136|M|30,30,30,30,30,|||,Flying,,,,]Blissey||Leftovers|NaturalCure|SeismicToss,Wish,Protect,Toxic||4,,252,,252,|F|,0,,,,|||]Metagross||Leftovers|ClearBody|Agility,MeteorMash,Earthquake,Explosion|Adamant|168,252,,,,88|N||||]Swampert||Leftovers|Torrent|Surf,IceBeam,Protect,Toxic|Bold|252,,160,,96,|F|,0,,,,|||\",\"rating\":0}",">player p2 {\"name\":\"simb\",\"avatar\":\"266\",\"team\":\"Salamence||ChoiceBand|Intimidate|Earthquake,HiddenPowerFlying,BrickBreak,RockSlide|Adamant|120,252,,,,136|F|30,30,30,30,30,|||,Flying,,,,]Magneton||Magnet|MagnetPull|Thunderbolt,Toxic,HiddenPowerFire,Protect|Modest|4,,,252,,252|N|,2,,30,,30|||,Fire,,,,]Tyranitar||Leftovers|SandStream|Crunch,Pursuit,HiddenPowerGrass,FireBlast|Modest|240,,,188,48,32|F|,2,,30,,|||,Grass,,,,]Blissey||Leftovers|NaturalCure|SeismicToss,Wish,Protect,Toxic||4,,252,,252,|F|,0,,,,|||]Metagross||Leftovers|ClearBody|Agility,MeteorMash,Earthquake,Explosion|Adamant|168,252,,,,88|N||||]Swampert||Leftovers|Torrent|Surf,IceBeam,Protect,Toxic|Bold|252,,160,,96,|F|,0,,,,|||\",\"rating\":0}",">p1 switch 3",">p2 move earthquake",">p1 move rockslide",">p2 move earthquake",">p2 switch 2",">p1 move rockslide",">p2 move thunderbolt",">p1 switch 2",">p2 move thunderbolt",">p1 move fireblast",">p2 move thunderbolt",">p2 switch 3",">p1 move hiddenpower",">p2 move hiddenpower",">p1 switch 2",">p1 move brickbreak",">p2 move crunch",">p2 switch 4",">p1 move brickbreak",">p2 move seismictoss",">p1 switch 6",">p1 move surf",">p2 move seismictoss",">p1 move surf",">p2 move seismictoss",">p2 switch 5",">p1 move surf",">p2 move explosion",">p1 switch 4",">p2 switch 6",">p1 move seismictoss",">p2 move surf",">p1 move seismictoss",">p2 move surf",">p1 move seismictoss",">p2 move surf",">forcelose p1"],"log":["|j|☆thecrusher677","|j|☆simb","|t:|1749687206","|gametype|singles","|player|p1|thecrusher677|1|","|player|p2|simb|266|","|teamsize|p1|6","|teamsize|p2|6","|gen|3","|tier|[Gen 3] OU","|rule|Sleep Clause Mod: Limit one foe put to sleep","|rule|Switch Priority Clause Mod: Faster Pokémon switch first","|rule|Species Clause: Limit one of each Pokémon","|rule|OHKO Clause: OHKO moves are banned","|rule|Evasion Items Clause: Evasion items are banned","|rule|Evasion Moves Clause: Evasion moves are banned","|rule|Endless Battle Clause: Forcing endless battles is banned","|rule|HP Percentage Mod: HP is shown in percentages","|rule|One Boost Passer Clause: Limit one Baton Passer that has a way to boost its stats","|rule|Freeze Clause Mod: Limit one foe frozen","|","|t:|1749687206","|start","|switch|p1a: Magneton|Magneton|242/242","|switch|p2a: Salamence|Salamence, F|360/360","|-ability|p2a: Salamence|Intimidate|boost","|-unboost|p1a: Magneton|atk|1","|turn|1","|","|t:|1749687209","|switch|p1a: Salamence|Salamence, M|360/360","|-ability|p1a: Salamence|Intimidate|boost","|-unboost|p2a: Salamence|atk|1","|move|p2a: Salamence|Earthquake|p1a: Salamence","|-immune|p1a: Salamence","|","|upkeep","|turn|2","|","|t:|1749687211","|move|p2a: Salamence|Earthquake|p1a: Salamence","|-immune|p1a: Salamence","|move|p1a: Salamence|Rock Slide|p2a: Salamence","|-supereffective|p2a: Salamence","|-crit|p2a: Salamence","|-damage|p2a: Salamence|0 fnt","|faint|p2a: Salamence","|","|t:|1749687211","|switch|p2a: Magneton|Magneton|242/242","|","|upkeep","|turn|3","|","|t:|1749687277","|move|p1a: Salamence|Rock Slide|p2a: Magneton|[miss]","|-miss|p1a: Salamence|p2a: Magneton","|move|p2a: Magneton|Thunderbolt|p1a: Salamence","|-damage|p1a: Salamence|116/360","|","|upkeep","|turn|4","|","|t:|1749687285","|switch|p1a: Tyranitar|Tyranitar, M|401/401","|-weather|Sandstorm|[from] ability: Sand Stream|[of] p1a: Tyranitar","|move|p2a: Magneton|Thunderbolt|p1a: Tyranitar","|-damage|p1a: Tyranitar|212/401","|","|-weather|Sandstorm|[upkeep]","|-heal|p1a: Tyranitar|237/401|[from] item: Leftovers","|upkeep","|turn|5","|","|t:|1749687288","|move|p2a: Magneton|Thunderbolt|p1a: Tyranitar","|-damage|p1a: Tyranitar|64/401","|move|p1a: Tyranitar|Fire Blast|p2a: Magneton","|-supereffective|p2a: Magneton","|-damage|p2a: Magneton|0 fnt","|faint|p2a: Magneton","|","|t:|1749687288","|switch|p2a: Tyranitar|Tyranitar, F|401/401","|","|-weather|Sandstorm|[upkeep]","|-heal|p1a: Tyranitar|89/401|[from] item: Leftovers","|upkeep","|turn|6","|","|t:|1749687609","|move|p2a: Tyranitar|Hidden Power|p1a: Tyranitar","|-supereffective|p1a: Tyranitar","|-damage|p1a: Tyranitar|0 fnt","|faint|p1a: Tyranitar","|","|t:|1749687627","|switch|p1a: Salamence|Salamence, M|116/360","|-ability|p1a: Salamence|Intimidate|boost","|-unboost|p2a: Tyranitar|atk|1","|","|-weather|Sandstorm|[upkeep]","|-damage|p1a: Salamence|94/360|[from] Sandstorm","|upkeep","|turn|7","|","|t:|1749687635","|move|p1a: Salamence|Brick Break|p2a: Tyranitar","|-supereffective|p2a: Tyranitar","|-damage|p2a: Tyranitar|0 fnt","|faint|p2a: Tyranitar","|","|t:|1749687635","|switch|p2a: Blissey|Blissey, F|652/652","|","|-weather|Sandstorm|[upkeep]","|-damage|p1a: Salamence|72/360|[from] Sandstorm","|-damage|p2a: Blissey|612/652|[from] Sandstorm","|-heal|p2a: Blissey|652/652|[from] item: Leftovers","|upkeep","|turn|8","|","|t:|1749687657","|move|p1a: Salamence|Brick Break|p2a: Blissey","|-supereffective|p2a: Blissey","|-damage|p2a: Blissey|99/652","|move|p2a: Blissey|Seismic Toss|p1a: Salamence","|-damage|p1a: Salamence|0 fnt","|faint|p1a: Salamence","|","|t:|1749687663","|switch|p1a: Swampert|Swampert, F|404/404","|","|-weather|Sandstorm|[upkeep]","|-damage|p2a: Blissey|59/652|[from] Sandstorm","|-heal|p2a: Blissey|99/652|[from] item: Leftovers","|upkeep","|turn|9","|","|t:|1749687666","|move|p1a: Swampert|Surf|p2a: Blissey","|-damage|p2a: Blissey|41/652","|move|p2a: Blissey|Seismic Toss|p1a: Swampert","|-damage|p1a: Swampert|304/404","|","|-weather|Sandstorm|[upkeep]","|-damage|p2a: Blissey|1/652|[from] Sandstorm","|-heal|p1a: Swampert|329/404|[from] item: Leftovers","|-heal|p2a: Blissey|41/652|[from] item: Leftovers","|upkeep","|turn|10","|","|t:|1749687685","|move|p1a: Swampert|Surf|p2a: Blissey","|-crit|p2a: Blissey","|-damage|p2a: Blissey|0 fnt","|faint|p2a: Blissey","|","|t:|1749687685","|switch|p2a: Metagross|Metagross|343/343","|","|-weather|Sandstorm|[upkeep]","|-heal|p1a: Swampert|354/404|[from] item: Leftovers","|upkeep","|turn|11","|","|t:|1749687690","|move|p2a: Metagross|Explosion|p1a: Swampert","|-damage|p1a: Swampert|0 fnt","|faint|p2a: Metagross","|faint|p1a: Swampert","|","|t:|1749687712","|switch|p2a: Swampert|Swampert, F|404/404","|switch|p1a: Blissey|Blissey, F|652/652","|","|-weather|Sandstorm|[upkeep]","|-damage|p1a: Blissey|612/652|[from] Sandstorm","|-heal|p1a: Blissey|652/652|[from] item: Leftovers","|upkeep","|turn|12","|","|t:|1749687713","|move|p2a: Swampert|Surf|p1a: Blissey","|-damage|p1a: Blissey|586/652","|move|p1a: Blissey|Seismic Toss|p2a: Swampert","|-damage|p2a: Swampert|304/404","|","|-weather|Sandstorm|[upkeep]","|-damage|p1a: Blissey|546/652|[from] Sandstorm","|-heal|p2a: Swampert|329/404|[from] item: Leftovers","|-heal|p1a: Blissey|586/652|[from] item: Leftovers","|upkeep","|turn|13","|","|t:|1749689852","|move|p2a: Swampert|Surf|p1a: Blissey","|-damage|p1a: Blissey|526/652","|move|p1a: Blissey|Seismic Toss|p2a: Swampert","|-damage|p2a: Swampert|229/404","|","|-weather|Sandstorm|[upkeep]","|-damage|p1a: Blissey|486/652|[from] Sandstorm","|-heal|p2a: Swampert|254/404|[from] item: Leftovers","|-heal|p1a: Blissey|526/652|[from] item: Leftovers","|upkeep","|turn|14","|","|t:|1749689930","|move|p2a: Swampert|Surf|p1a: Blissey","|-damage|p1a: Blissey|467/652","|move|p1a: Blissey|Seismic Toss|p2a: Swampert","|-damage|p2a: Swampert|154/404","|","|-weather|Sandstorm|[upkeep]","|-damage|p1a: Blissey|427/652|[from] Sandstorm","|-heal|p2a: Swampert|179/404|[from] item: Leftovers","|-heal|p1a: Blissey|467/652|[from] item: Leftovers","|upkeep","|turn|15","|l|☆simb","|player|p2|","|-message|thecrusher677 forfeited.","|","|win|simb",""],"p1rating":null,"p2rating":null,"endType":"forfeit","ladderError":true,"timestamp":"Wed Jun 11 2025 17:58:59 GMT-0700 (アメリカ太平洋夏時間)","roomid":"battle-gen3ou-383","format":"gen3ou"}