{"winner":"thecrusher677","seed":"sodium,c140357c6d45441c58156a7548821eed","turns":17,"p1":"thecrusher677","p2":"simb","p1team":[{"name":"Medicham","species":"Medicham","item":"Salac Berry","ability":"Pure Power","moves":["Brick Break","Focus Punch","Rock Slide","Shadow Ball"],"nature":"Jolly","evs":{"hp":4,"atk":252,"def":0,"spa":0,"spd":0,"spe":252},"gender":"F","level":100,"ivs":{"hp":31,"atk":31,"def":31,"spa":31,"spd":31,"spe":31}},{"name":"Magneton","species":"Magneton","item":"Magnet","ability":"Magnet Pull","moves":["Thunderbolt","Hidden Power Fire","Toxic","Rain Dance"],"nature":"Modest","evs":{"hp":4,"atk":0,"def":0,"spa":252,"spd":0,"spe":252},"gender":"N","ivs":{"hp":31,"atk":2,"def":31,"spa":30,"spd":31,"spe":30},"happiness":255,"hpType":"Fire","pokeball":"","gigantamax":false,"dynamaxLevel":10,"teraType":"","level":100},{"name":"Snorlax","species":"Snorlax","item":"Leftovers","ability":"Immunity","moves":["Self-Destruct","Body Slam","Shadow Ball","Earthquake"],"nature":"Adamant","evs":{"hp":92,"atk":116,"def":144,"spa":0,"spd":144,"spe":12},"gender":"F","level":100,"ivs":{"hp":31,"atk":31,"def":31,"spa":31,"spd":31,"spe":31}},{"name":"Suicune","species":"Suicune","item":"Leftovers","ability":"Pressure","moves":["Calm Mind","Surf","Rest","Ice Beam"],"nature":"Calm","evs":{"hp":252,"atk":0,"def":0,"spa":180,"spd":68,"spe":8},"gender":"N","ivs":{"hp":31,"atk":0,"def":31,"spa":31,"spd":31,"spe":31},"level":100},{"name":"Salamence","species":"Salamence","item":"Leftovers","ability":"Intimidate","moves":["Dragon Dance","Hidden Power Flying","Rock Slide","Earthquake"],"nature":"Adamant","evs":{"hp":0,"atk":156,"def":0,"spa":0,"spd":140,"spe":212},"gender":"M","ivs":{"hp":31,"atk":31,"def":31,"spa":30,"spd":30,"spe":30},"happiness":255,"hpType":"Flying","pokeball":"","gigantamax":false,"dynamaxLevel":10,"teraType":"","level":100},{"name":"Metagross","species":"Metagross","item":"Leftovers","ability":"Clear Body","moves":["Agility","Meteor Mash","Earthquake","Explosion"],"nature":"Adamant","evs":{"hp":252,"atk":144,"def":24,"spa":0,"spd":0,"spe":88},"gender":"N","level":100,"ivs":{"hp":31,"atk":31,"def":31,"spa":31,"spd":31,"spe":31}}],"p2team":[{"name":"Salamence","species":"Salamence","item":"Choice Band","ability":"Intimidate","moves":["Earthquake","Hidden Power Flying","Brick Break","Rock Slide"],"nature":"Adamant","evs":{"hp":120,"atk":252,"def":0,"spa":0,"spd":0,"spe":136},"gender":"M","ivs":{"hp":30,"atk":30,"def":30,"spa":30,"spd":30,"spe":31},"happiness":255,"hpType":"Flying","pokeball":"","gigantamax":false,"dynamaxLevel":10,"teraType":"","level":100},{"name":"Magneton","species":"Magneton","item":"Magnet","ability":"Magnet Pull","moves":["Thunderbolt","Toxic","Hidden Power Fire","Protect"],"nature":"Modest","evs":{"hp":4,"atk":0,"def":0,"spa":252,"spd":0,"spe":252},"gender":"N","ivs":{"hp":31,"atk":2,"def":31,"spa":30,"spd":31,"spe":30},"happiness":255,"hpType":"Fire","pokeball":"","gigantamax":false,"dynamaxLevel":10,"teraType":"","level":100},{"name":"Tyranitar","species":"Tyranitar","item":"Leftovers","ability":"Sand Stream","moves":["Crunch","Pursuit","Hidden Power Grass","Fire Blast"],"nature":"Modest","evs":{"hp":240,"atk":0,"def":0,"spa":188,"spd":48,"spe":32},"gender":"F","ivs":{"hp":31,"atk":2,"def":31,"spa":30,"spd":31,"spe":31},"happiness":255,"hpType":"Grass","pokeball":"","gigantamax":false,"dynamaxLevel":10,"teraType":"","level":100},{"name":"Blissey","species":"Blissey","item":"Leftovers","ability":"Natural Cure","moves":["Seismic Toss","Wish","Protect","Toxic"],"nature":"","evs":{"hp":4,"atk":0,"def":252,"spa":0,"spd":252,"spe":0},"gender":"F","ivs":{"hp":31,"atk":0,"def":31,"spa":31,"spd":31,"spe":31},"level":100},{"name":"Metagross","species":"Metagross","item":"Leftovers","ability":"Clear Body","moves":["Agility","Meteor Mash","Earthquake","Explosion"],"nature":"Adamant","evs":{"hp":168,"atk":252,"def":0,"spa":0,"spd":0,"spe":88},"gender":"N","level":100,"ivs":{"hp":31,"atk":31,"def":31,"spa":31,"spd":31,"spe":31}},{"name":"Swampert","species":"Swampert","item":"Leftovers","ability":"Torrent","moves":["Surf","Ice Beam","Protect","Toxic"],"nature":"Bold","evs":{"hp":252,"atk":0,"def":160,"spa":0,"spd":96,"spe":0},"gender":"F","ivs":{"hp":31,"atk":0,"def":31,"spa":31,"spd":31,"spe":31},"level":100}],"score":[4,0],"inputLog":[">version 372d05e49c92a79eecdf6c8dddb208bd1765c00f",">start {\"formatid\":\"gen3ou\",\"seed\":\"sodium,c140357c6d45441c58156a7548821eed\"}",">player p1 {\"name\":\"thecrusher677\",\"avatar\":\"265\",\"team\":\"Medicham||SalacBerry|PurePower|BrickBreak,FocusPunch,RockSlide,ShadowBall|Jolly|4,252,,,,252|F||||]Magneton||Magnet|MagnetPull|Thunderbolt,HiddenPowerFire,Toxic,RainDance|Modest|4,,,252,,252|N|,2,,30,,30|||,Fire,,,,]Snorlax||Leftovers|Immunity|SelfDestruct,BodySlam,ShadowBall,Earthquake|Adamant|92,116,144,,144,12|F||||]Suicune||Leftovers|Pressure|CalmMind,Surf,Rest,IceBeam|Calm|252,,,180,68,8|N|,0,,,,|||]Salamence||Leftovers|Intimidate|DragonDance,HiddenPowerFlying,RockSlide,Earthquake|Adamant|,156,,,140,212|M|,,,30,30,30|||,Flying,,,,]Metagross||Leftovers|ClearBody|Agility,MeteorMash,Earthquake,Explosion|Adamant|252,144,24,,,88|N||||\",\"rating\":0}",">player p2 {\"name\":\"simb\",\"avatar\":\"169\",\"team\":\"Salamence||ChoiceBand|Intimidate|Earthquake,HiddenPowerFlying,BrickBreak,RockSlide|Adamant|120,252,,,,136|M|30,30,30,30,30,|||,Flying,,,,]Magneton||Magnet|MagnetPull|Thunderbolt,Toxic,HiddenPowerFire,Protect|Modest|4,,,252,,252|N|,2,,30,,30|||,Fire,,,,]Tyranitar||Leftovers|SandStream|Crunch,Pursuit,HiddenPowerGrass,FireBlast|Modest|240,,,188,48,32|F|,2,,30,,|||,Grass,,,,]Blissey||Leftovers|NaturalCure|SeismicToss,Wish,Protect,Toxic||4,,252,,252,|F|,0,,,,|||]Metagross||Leftovers|ClearBody|Agility,MeteorMash,Earthquake,Explosion|Adamant|168,252,,,,88|N||||]Swampert||Leftovers|Torrent|Surf,IceBeam,Protect,Toxic|Bold|252,,160,,96,|F|,0,,,,|||\",\"rating\":0}",">p1 switch 2",">p2 move hiddenpower",">p1 move thunderbolt",">p2 move hiddenpower",">p1 move thunderbolt",">p2 move hiddenpower",">p2 switch 2",">p1 move thunderbolt",">p2 move hiddenpower",">p1 switch 2",">p1 move brickbreak",">p2 move thunderbolt",">p2 switch 3",">p1 move brickbreak",">p2 move crunch",">p2 switch 4",">p1 move brickbreak",">p2 move seismictoss",">p1 move brickbreak",">p2 move seismictoss",">p2 switch 5",">p1 switch 6",">p2 move explosion",">p2 switch 6",">p1 switch 5",">p2 move surf",">p1 switch 4",">p2 move icebeam",">p1 switch 3",">p2 move surf",">p1 move bodyslam",">p2 move surf",">p1 move bodyslam",">p2 move surf",">p1 move bodyslam",">p2 move surf",">p1 move bodyslam",">p2 move surf",">p1 switch 5",">p1 move meteormash",">p2 move surf"],"log":["|j|☆thecrusher677","|j|☆simb","|t:|1749165796","|gametype|singles","|player|p1|thecrusher677|265|","|player|p2|simb|169|","|teamsize|p1|6","|teamsize|p2|6","|gen|3","|tier|[Gen 3] OU","|rule|Sleep Clause Mod: Limit one foe put to sleep","|rule|Switch Priority Clause Mod: Faster Pokémon switch first","|rule|Species Clause: Limit one of each Pokémon","|rule|OHKO Clause: OHKO moves are banned","|rule|Evasion Items Clause: Evasion items are banned","|rule|Evasion Moves Clause: Evasion moves are banned","|rule|Endless Battle Clause: Forcing endless battles is banned","|rule|HP Percentage Mod: HP is shown in percentages","|rule|One Boost Passer Clause: Limit one Baton Passer that has a way to boost its stats","|rule|Freeze Clause Mod: Limit one foe frozen","|","|t:|1749165796","|start","|switch|p1a: Medicham|Medicham, F|262/262","|switch|p2a: Salamence|Salamence, M|360/360","|-ability|p2a: Salamence|Intimidate|boost","|-unboost|p1a: Medicham|atk|1","|turn|1","|","|t:|1749165831","|switch|p1a: Magneton|Magneton|242/242","|move|p2a: Salamence|Hidden Power|p1a: Magneton","|-resisted|p1a: Magneton","|-damage|p1a: Magneton|189/242","|","|upkeep","|turn|2","|","|t:|1749165877","|move|p2a: Salamence|Hidden Power|p1a: Magneton","|-resisted|p1a: Magneton","|-damage|p1a: Magneton|133/242","|move|p1a: Magneton|Thunderbolt|p2a: Salamence","|-damage|p2a: Salamence|139/360","|","|upkeep","|turn|3","|","|t:|1749165879","|move|p2a: Salamence|Hidden Power|p1a: Magneton","|-resisted|p1a: Magneton","|-damage|p1a: Magneton|80/242","|move|p1a: Magneton|Thunderbolt|p2a: Salamence","|-damage|p2a: Salamence|0 fnt","|faint|p2a: Salamence","|","|t:|1749165879","|switch|p2a: Magneton|Magneton|242/242","|","|upkeep","|turn|4","|","|t:|1749165881","|move|p2a: Magneton|Hidden Power|p1a: Magneton","|-supereffective|p1a: Magneton","|-damage|p1a: Magneton|0 fnt","|faint|p1a: Magneton","|","|t:|1749165886","|switch|p1a: Medicham|Medicham, F|262/262","|","|upkeep","|turn|5","|","|t:|1749165887","|move|p1a: Medicham|Brick Break|p2a: Magneton","|-supereffective|p2a: Magneton","|-damage|p2a: Magneton|0 fnt","|faint|p2a: Magneton","|","|t:|1749165887","|switch|p2a: Tyranitar|Tyranitar, F|401/401","|-weather|Sandstorm|[from] ability: Sand Stream|[of] p2a: Tyranitar","|","|-weather|Sandstorm|[upkeep]","|-damage|p1a: Medicham|246/262|[from] Sandstorm","|upkeep","|turn|6","|","|t:|1749165911","|move|p1a: Medicham|Brick Break|p2a: Tyranitar","|-supereffective|p2a: Tyranitar","|-damage|p2a: Tyranitar|0 fnt","|faint|p2a: Tyranitar","|","|t:|1749165911","|switch|p2a: Blissey|Blissey, F|652/652","|","|-weather|Sandstorm|[upkeep]","|-damage|p1a: Medicham|230/262|[from] Sandstorm","|-damage|p2a: Blissey|612/652|[from] Sandstorm","|-heal|p2a: Blissey|652/652|[from] item: Leftovers","|upkeep","|turn|7","|","|t:|1749165916","|move|p1a: Medicham|Brick Break|p2a: Blissey","|-supereffective|p2a: Blissey","|-damage|p2a: Blissey|52/652","|move|p2a: Blissey|Seismic Toss|p1a: Medicham","|-damage|p1a: Medicham|130/262","|","|-weather|Sandstorm|[upkeep]","|-damage|p1a: Medicham|114/262|[from] Sandstorm","|-damage|p2a: Blissey|12/652|[from] Sandstorm","|-heal|p2a: Blissey|52/652|[from] item: Leftovers","|upkeep","|turn|8","|","|t:|1749165917","|move|p1a: Medicham|Brick Break|p2a: Blissey","|-supereffective|p2a: Blissey","|-damage|p2a: Blissey|0 fnt","|faint|p2a: Blissey","|","|t:|1749165917","|switch|p2a: Metagross|Metagross|343/343","|","|-weather|Sandstorm|[upkeep]","|-damage|p1a: Medicham|98/262|[from] Sandstorm","|upkeep","|turn|9","|","|t:|1749165921","|switch|p1a: Metagross|Metagross|364/364","|move|p2a: Metagross|Explosion|p1a: Metagross","|-resisted|p1a: Metagross","|-damage|p1a: Metagross|125/364","|faint|p2a: Metagross","|","|t:|1749165922","|switch|p2a: Swampert|Swampert, F|404/404","|","|-weather|Sandstorm|[upkeep]","|-heal|p1a: Metagross|147/364|[from] item: Leftovers","|upkeep","|turn|10","|","|t:|1749165932","|switch|p1a: Salamence|Salamence, M|331/331","|-ability|p1a: Salamence|Intimidate|boost","|-unboost|p2a: Swampert|atk|1","|move|p2a: Swampert|Surf|p1a: Salamence","|-resisted|p1a: Salamence","|-damage|p1a: Salamence|282/331","|","|-weather|Sandstorm|[upkeep]","|-damage|p1a: Salamence|262/331|[from] Sandstorm","|-heal|p1a: Salamence|282/331|[from] item: Leftovers","|upkeep","|turn|11","|","|t:|1749165936","|switch|p1a: Suicune|Suicune|404/404","|-ability|p1a: Suicune|Pressure|[silent]","|move|p2a: Swampert|Ice Beam|p1a: Suicune","|-resisted|p1a: Suicune","|-crit|p1a: Suicune","|-damage|p1a: Suicune|352/404","|-status|p1a: Suicune|frz","|","|-weather|Sandstorm|[upkeep]","|-damage|p1a: Suicune|327/404 frz|[from] Sandstorm","|-heal|p1a: Suicune|352/404 frz|[from] item: Leftovers","|upkeep","|turn|12","|","|t:|1749165939","|switch|p1a: Snorlax|Snorlax, F|484/484","|move|p2a: Swampert|Surf|p1a: Snorlax","|-damage|p1a: Snorlax|404/484","|","|-weather|Sandstorm|[upkeep]","|-damage|p1a: Snorlax|374/484|[from] Sandstorm","|-heal|p1a: Snorlax|404/484|[from] item: Leftovers","|upkeep","|turn|13","|","|t:|1749165942","|move|p2a: Swampert|Surf|p1a: Snorlax","|-damage|p1a: Snorlax|319/484","|move|p1a: Snorlax|Body Slam|p2a: Swampert","|-damage|p2a: Swampert|285/404","|","|-weather|Sandstorm|[upkeep]","|-damage|p1a: Snorlax|289/484|[from] Sandstorm","|-heal|p2a: Swampert|310/404|[from] item: Leftovers","|-heal|p1a: Snorlax|319/484|[from] item: Leftovers","|upkeep","|turn|14","|","|t:|1749165943","|move|p2a: Swampert|Surf|p1a: Snorlax","|-damage|p1a: Snorlax|238/484","|move|p1a: Snorlax|Body Slam|p2a: Swampert","|-damage|p2a: Swampert|200/404","|-status|p2a: Swampert|par","|","|-weather|Sandstorm|[upkeep]","|-damage|p1a: Snorlax|208/484|[from] Sandstorm","|-heal|p1a: Snorlax|238/484|[from] item: Leftovers","|-heal|p2a: Swampert|225/404 par|[from] item: Leftovers","|upkeep","|turn|15","|","|t:|1749165946","|move|p1a: Snorlax|Body Slam|p2a: Swampert","|-damage|p2a: Swampert|119/404 par","|move|p2a: Swampert|Surf|p1a: Snorlax","|-damage|p1a: Snorlax|129/484","|","|-weather|Sandstorm|[upkeep]","|-damage|p1a: Snorlax|99/484|[from] Sandstorm","|-heal|p1a: Snorlax|129/484|[from] item: Leftovers","|-heal|p2a: Swampert|144/404 par|[from] item: Leftovers","|upkeep","|turn|16","|","|t:|1749165947","|move|p1a: Snorlax|Body Slam|p2a: Swampert","|-damage|p2a: Swampert|39/404 par","|move|p2a: Swampert|Surf|p1a: Snorlax","|-damage|p1a: Snorlax|6/484","|","|-weather|Sandstorm|[upkeep]","|-damage|p1a: Snorlax|0 fnt|[from] Sandstorm","|faint|p1a: Snorlax","|-heal|p2a: Swampert|64/404 par|[from] item: Leftovers","|upkeep","|","|t:|1749165949","|switch|p1a: Metagross|Metagross|147/364","|turn|17","|","|t:|1749165951","|move|p1a: Metagross|Meteor Mash|p2a: Swampert","|-resisted|p2a: Swampert","|-damage|p2a: Swampert|0 fnt","|faint|p2a: Swampert","|","|win|thecrusher677",""],"p1rating":null,"p2rating":null,"endType":"normal","ladderError":true,"timestamp":"Thu Jun 05 2025 16:25:51 GMT-0700 (アメリカ太平洋夏時間)","roomid":"battle-gen3ou-243","format":"gen3ou"}